JournalCode|JournalLib|EcritureNum|EcritureDate|CompteNum|CompteLib|CompAuxNum|CompAuxLib|PieceRef|PieceDate|EcritureLib|Debit|Credit|EcritureLet|DateLet|ValidDate|Montantdevise|Idevise
AC|Achats|AC00001|20250213|601000|Achats de matieres premieres|||AC022573|20250213|FACT 250225 PAPETERIE EXPRESS|1138,39|0,00|||20250218||
AC|Achats|AC00001|20250213|421000|Personnel - Remunerations dues|||AC022573|20250213|FACT 250225 PAPETERIE EXPRESS|0,00|1138,39|||20250218||
AC|Achats|AC00002|20250903|621000|Personnel exterieur a l'entreprise|||AC091042|20250903|FACT 250210 TELECOM SAS|886,93|0,00|||20250908||
AC|Achats|AC00002|20250903|401000|Fournisseurs|F00005|BUREAU VERITAS|AC091042|20250903|FACT 250210 TELECOM SAS|0,00|886,93|||20250908||
AC|Achats|AC00003|20251128|627000|Services bancaires et assimiles|||AC119895|20251128|FACT 250223 FOURNITURES BUREAU|850,49|0,00|||20251201||
AC|Achats|AC00003|20251128|511000|Valeurs a l'encaissement|||AC119895|20251128|FACT 250223 FOURNITURES BUREAU|0,00|850,49|||20251201||
AC|Achats|AC00004|20251107|626000|Frais postaux et de telecommunications|||AC116412|20251107|FACT 250124 TELECOM SAS|386,57|0,00|||20251107||
AC|Achats|AC00004|20251107|403000|Fournisseurs - Effets a payer|||AC116412|20251107|FACT 250124 TELECOM SAS|0,00|386,57|||20251107||
AC|Achats|AC00005|20250811|606400|Fournitures administratives|||AC087489|20250811|FACT 250103 FOURNITURES BUREAU|643,84|0,00|||20250813||
AC|Achats|AC00005|20250811|418100|Clients - Factures a etablir|||AC087489|20250811|FACT 250103 FOURNITURES BUREAU|0,00|643,84|||20250813||
AC|Achats|AC00006|20250605|625700|Receptions|||AC069408|20250605|FACT 250217 PAPETERIE EXPRESS|1131,91|0,00|||20250612||
AC|Achats|AC00006|20250605|487000|Produits constates d'avance|||AC069408|20250605|FACT 250217 PAPETERIE EXPRESS|0,00|1131,91|||20250612||
AC|Achats|AC00007|20251030|401000|Fournisseurs|F00002|TELECOM SAS|AC101334|20251030|FACT 250105 ELECTRICITE DE FRANCE|8060,77|0,00|||20251104||
AC|Achats|AC00007|20251030|580000|Virements internes|||AC101334|20251030|FACT 250105 ELECTRICITE DE FRANCE|0,00|8060,77|||20251104||
AC|Achats|AC00008|20250527|606300|Fournitures d'entretien et petit equipement|||AC059826|20250527|FACT 250226 ELECTRICITE DE FRANCE|1584,76|0,00|||20250528||
AC|Achats|AC00008|20250531|416000|Clients douteux|||AC059826|20250527|FACT 250226 ELECTRICITE DE FRANCE|0,00|1584,76|||20250528||
AC|Achats|AC00009|20250218|622600|Honoraires|||AC023867|20250218|FACT 250105 DALKIA FRANCE|339,03|0,00|||20250218||
AC|Achats|AC00009|20250218|413000|Clients - Effets a recevoir|||AC023867|20250218|FACT 250105 DALKIA FRANCE|0,00|339,03|||20250218||
AC|Achats|AC00010|20251023|623400|Cadeaux a la clientele|||AC108870|20251023|FACT 250129 FOURNITURES BUREAU|1794,08|0,00|||20251023||
AC|Achats|AC00010|20251023|580000|Virements internes|||AC108870|20251023|FACT 250129 FOURNITURES BUREAU|0,00|1794,08|||20251023||
AC|Achats|AC00011|20250314|615600|Maintenance|||AC032631|20250314|FACT 250109 PAPETERIE EXPRESS|139,84|0,00|||20250321||
AC|Achats|AC00011|20250314|455000|Associes - Comptes courants|||AC032631|20250314|FACT 250109 PAPETERIE EXPRESS|0,00|139,84|||20250321||
AC|Achats|AC00012|20250120|615500|Entretien et reparations sur biens mobiliers|||AC014339|20250120|FACT 250211 FOURNITURES BUREAU|1761,79|0,00|||20250122||
AC|Achats|AC00012|20250120|445520|TVA due intracommunautaire|||AC014339|20250120|FACT 250211 FOURNITURES BUREAU|0,00|1761,79|||20250122||
AC|Achats|AC00013|20250212|622600|Honoraires|||AC027512|20250212|FACT 250105 PAPETERIE EXPRESS|1100,31|0,00|||20250215||
AC|Achats|AC00013|20250212|418100|Clients - Factures a etablir|||AC027512|20250212|FACT 250105 PAPETERIE EXPRESS|0,00|1100,31|||20250215||
AC|Achats|AC00014|20251225|606300|Fournitures d'entretien et petit equipement|||AC126899|20251225|FACT 250105 DALKIA FRANCE|136,01|0,00|||20251225||
AC|Achats|AC00014|20251225|445660|TVA deductible sur ABS|||AC126899|20251225|FACT 250105 DALKIA FRANCE|0,00|136,01|||20251225||
AC|Achats|AC00015|20251031|615600|Maintenance|||AC107899|20251031|FACT 250227 DALKIA FRANCE|45,23|0,00|||20251102||
AC|Achats|AC00015|20251031|451000|Groupe|||AC107899|20251031|FACT 250227 DALKIA FRANCE|0,00|45,23|||20251102||
AC|Achats|AC00016|20250313|623000|Publicite, publications, relations publiques|||AC037390|20250313|FACT 250212 PAPETERIE EXPRESS|383,30|0,00|||20250320||
AC|Achats|AC00016|20250313|445620|TVA deductible sur immobilisations|||AC037390|20250313|FACT 250212 PAPETERIE EXPRESS|0,00|383,30|||20250320||
AC|Achats|AC00017|20250131|602200|Achats de fournitures consommables|||AC011849|20250131|FACT 250203 ELECTRICITE DE FRANCE|430,96|0,00|||20250205||
AC|Achats|AC00017|20250131|445710|TVA collectee a payer|||AC011849|20250131|FACT 250203 ELECTRICITE DE FRANCE|0,00|430,96|||20250205||
AC|Achats|AC00018|20250908|606300|Fournitures d'entretien et petit equipement|||AC091962|20250908|FACT 250117 DALKIA FRANCE|140,99|0,00|||20250915||
AC|Achats|AC00018|20250908|418100|Clients - Factures a etablir|||AC091962|20250908|FACT 250117 DALKIA FRANCE|0,00|140,99|||20250915||
AC|Achats|AC00019|20251205|622700|Frais d'actes et de contentieux|||AC124623|20251205|FACT 250209 PAPETERIE EXPRESS|761,56|0,00|||20251205||
AC|Achats|AC00019|20251205|408400|Fournisseurs d'immobilisations - Factures non parvenues|||AC124623|20251205|FACT 250209 PAPETERIE EXPRESS|0,00|761,56|||20251205||
AC|Achats|AC00020|20250912|602100|Achats de matieres consommables|||AC096132|20250912|FACT 250105 FOURNITURES BUREAU|1139,76|0,00|||20250912||
AC|Achats|AC00020|20250912|408400|Fournisseurs d'immobilisations - Factures non parvenues|||AC096132|20250912|FACT 250105 FOURNITURES BUREAU|0,00|1139,76|||20250912||
AC|Achats|AC00021|20251015|618500|Frais de colloques, seminaires, conferences|||AC108464|20251015|FACT 250116 DALKIA FRANCE|1216,34|0,00|||20251021||
AC|Achats|AC00021|20251015|445710|TVA collectee a payer|||AC108464|20251015|FACT 250116 DALKIA FRANCE|0,00|1216,34|||20251021||
AC|Achats|AC00022|20251031|613200|Locations immobilieres|||AC106536|20251031|FACT 250210 PAPETERIE EXPRESS|1905,17|0,00|||20251103||
AC|Achats|AC00022|20251031|427000|Personnel - Oppositions|||AC106536|20251031|FACT 250210 PAPETERIE EXPRESS|0,00|1905,17|||20251103||
AC|Achats|AC00023|20250221|627000|Services bancaires et assimiles|||AC025637|20250221|FACT 250210 DALKIA FRANCE|1828,92|0,00|||20250227||
AC|Achats|AC00023|20250221|514000|Cheques postaux|||AC025637|20250221|FACT 250210 DALKIA FRANCE|0,00|1828,92|||20250227||
AC|Achats|AC00024|20250704|623000|Publicite, publications, relations publiques|||AC076026|20250704|FACT 250118 TELECOM SAS|359,21|0,00|||20250705||
AC|Achats|AC00024|20250704|408400|Fournisseurs d'immobilisations - Factures non parvenues|||AC076026|20250704|FACT 250118 TELECOM SAS|0,00|359,21|||20250705||
AC|Achats|AC00025|20250213|623000|Publicite, publications, relations publiques|||AC028135|20250213|FACT 250225 DALKIA FRANCE|629,00|0,00|||20250220||
AC|Achats|AC00025|20250213|590000|Depreciation des valeurs mobilieres de placement|||AC028135|20250213|FACT 250225 DALKIA FRANCE|0,00|629,00|||20250220||
AC|Achats|AC00026|20251024|627000|Services bancaires et assimiles|||AC103587|20251024|FACT 250223 DALKIA FRANCE|889,81|0,00|||20251026||
AC|Achats|AC00026|20251024|428200|Personnel - Conges payes|||AC103587|20251024|FACT 250223 DALKIA FRANCE|0,00|889,81|||20251026||
AC|Achats|AC00027|20250624|618500|Frais de colloques, seminaires, conferences|||AC063613|20250624|FACT 250212 PAPETERIE EXPRESS|329,03|0,00|||20250625||
AC|Achats|AC00027|20250624|451000|Groupe|||AC063613|20250624|FACT 250212 PAPETERIE EXPRESS|0,00|329,03|||20250625||
AC|Achats|AC00028|20250212|606300|Fournitures d'entretien et petit equipement|||AC029372|20250212|FACT 250226 TELECOM SAS|1944,30|0,00|||20250219||
AC|Achats|AC00028|20250212|409100|Fournisseurs - Avances et acomptes verses|||AC029372|20250212|FACT 250226 TELECOM SAS|0,00|1944,30|||20250219||
AC|Achats|AC00029|20250221|615600|Maintenance|||AC025505|20250221|FACT 250112 ELECTRICITE DE FRANCE|452,52|0,00|||20250227||
AC|Achats|AC00029|20250221|441000|Etat - Impot sur les benefices|||AC025505|20250221|FACT 250112 ELECTRICITE DE FRANCE|0,00|452,52|||20250227||
AC|Achats|AC00030|20250801|607000|Achats de marchandises|||AC083634|20250801|FACT 250219 DALKIA FRANCE|404,34|0,00|||20250801||
AC|Achats|AC00030|20250801|444000|Etat - Impots sur les benefices|||AC083634|20250801|FACT 250219 DALKIA FRANCE|0,00|404,34|||20250801||
AC|Achats|AC00031|20250717|622700|Frais d'actes et de contentieux|||AC079983|20250717|FACT 250123 TELECOM SAS|1425,05|0,00|||20250717||
AC|Achats|AC00031|20250717|530000|Caisse|||AC079983|20250717|FACT 250123 TELECOM SAS|0,00|1425,05|||20250717||
AC|Achats|AC00032|20251219|628100|Concours divers (cotisations...)|||AC123003|20251219|FACT 250102 DALKIA FRANCE|1077,27|0,00|||20251223||
AC|Achats|AC00032|20251219|447100|Autres impots, taxes et versements assimiles|||AC123003|20251219|FACT 250102 DALKIA FRANCE|0,00|1077,27|||20251223||
AC|Achats|AC00033|20250825|616000|Primes d'assurance|||AC087265|20250825|FACT 250122 DALKIA FRANCE|1868,90|0,00|||20250830||
AC|Achats|AC00033|20250825|409100|Fournisseurs - Avances et acomptes verses|||AC087265|20250825|FACT 250122 DALKIA FRANCE|0,00|1868,90|||20250830||
AC|Achats|AC00034|20250926|625700|Receptions|||AC099574|20250926|FACT 250102 TELECOM SAS|217,99|0,00|||20250927||
AC|Achats|AC00034|20250926|437000|Autres organismes sociaux|||AC099574|20250926|FACT 250102 TELECOM SAS|0,00|217,99|||20250927||
AC|Achats|AC00035|20250318|613200|Locations immobilieres|||AC037293|20250318|FACT 250108 TELECOM SAS|625,09|0,00|||20250319||
AC|Achats|AC00035|20250318|512000|Banque principale|||AC037293|20250318|FACT 250108 TELECOM SAS|0,00|625,09|||20250319||
AC|Achats|AC00036|20250812|608500|Frais accessoires d'achat|||AC083468|20250812|FACT 250111 PAPETERIE EXPRESS|1152,16|0,00|||20250817||
AC|Achats|AC00036|20250812|447100|Autres impots, taxes et versements assimiles|||AC083468|20250812|FACT 250111 PAPETERIE EXPRESS|0,00|1152,16|||20250817||
AC|Achats|AC00037|20250711|606300|Fournitures d'entretien et petit equipement|||AC073037|20250711|FACT 250207 DALKIA FRANCE|1156,21|0,00|||20250711||
AC|Achats|AC00037|20250711|425000|Personnel - Avances et acomptes|||AC073037|20250711|FACT 250207 DALKIA FRANCE|0,00|1156,21|||20250711||
AC|Achats|AC00038|20250328|606800|Autres matieres et fournitures|||AC038967|20250328|FACT 250209 FOURNITURES BUREAU|1184,88|0,00|||20250331||
AC|Achats|AC00038|20250328|445520|TVA due intracommunautaire|||AC038967|20250328|FACT 250209 FOURNITURES BUREAU|0,00|1184,88|||20250331||
AC|Achats|AC00039|20250226|625100|Voyages et deplacements|||AC025124|20250226|FACT 250217 TELECOM SAS|204,83|0,00|||20250227||
AC|Achats|AC00039|20250226|419100|Clients - Avances et acomptes recus|||AC025124|20250226|FACT 250217 TELECOM SAS|0,00|204,83|||20250227||
AC|Achats|AC00040|20250919|616000|Primes d'assurance|||AC094726|20250919|FACT 250106 ELECTRICITE DE FRANCE|1452,13|0,00|||20250921||
AC|Achats|AC00040|20250919|416000|Clients douteux|||AC094726|20250919|FACT 250106 ELECTRICITE DE FRANCE|0,00|1452,13|||20250921||
AC|Achats|AC00041|20250317|615600|Maintenance|||AC037750|20250317|FACT 250222 TELECOM SAS|998,86|0,00|||20250319||
AC|Achats|AC00041|20250317|514000|Cheques postaux|||AC037750|20250317|FACT 250222 TELECOM SAS|0,00|998,86|||20250319||
AC|Achats|AC00042|20250207|606800|Autres matieres et fournitures|||AC024059|20250207|FACT 250202 FOURNITURES BUREAU|392,24|0,00|||20250207||
AC|Achats|AC00042|20250207|445860|TVA sur factures non parvenues|||AC024059|20250207|FACT 250202 FOURNITURES BUREAU|0,00|392,24|||20250207||
AC|Achats|AC00043|20250804|614000|Charges locatives|||AC087977|20250804|FACT 250115 PAPETERIE EXPRESS|1223,84|0,00|||20250808||
AC|Achats|AC00043|20250804|447100|Autres impots, taxes et versements assimiles|||AC087977|20250804|FACT 250115 PAPETERIE EXPRESS|0,00|1223,84|||20250808||
AC|Achats|AC00044|20250418|401000|Fournisseurs|F00007|ASSURANCE GENERALI|AC044175|20250418|FACT 250107 TELECOM SAS|5769,23|0,00|||20250419||
AC|Achats|AC00044|20250418|590000|Depreciation des valeurs mobilieres de placement|||AC044175|20250418|FACT 250107 TELECOM SAS|0,00|5769,23|||20250419||
AC|Achats|AC00045|20250516|614000|Charges locatives|||AC057432|20250516|FACT 250204 ELECTRICITE DE FRANCE|1559,37|0,00|||20250522||
AC|Achats|AC00045|20250516|468600|Charges a payer|||AC057432|20250516|FACT 250204 ELECTRICITE DE FRANCE|0,00|1559,37|||20250522||
AC|Achats|AC00046|20250602|622700|Frais d'actes et de contentieux|||AC069568|20250602|FACT 250217 DALKIA FRANCE|739,33|0,00|||20250603||
AC|Achats|AC00046|20250602|428200|Personnel - Conges payes|||AC069568|20250602|FACT 250217 DALKIA FRANCE|0,00|739,33|||20250603||
AC|Achats|AC00047|20250321|606300|Fournitures d'entretien et petit equipement|||AC034726|20250321|FACT 250206 TELECOM SAS|1875,22|0,00|||20250325||
AC|Achats|AC00047|20250321|518100|Interets courus a payer|||AC034726|20250321|FACT 250206 TELECOM SAS|0,00|1875,22|||20250325||
AC|Achats|AC00048|20251126|623400|Cadeaux a la clientele|||AC118155|20251126|FACT 250111 TELECOM SAS|1891,61|0,00|||20251130||
AC|Achats|AC00048|20251126|437000|Autres organismes sociaux|||AC118155|20251126|FACT 250111 TELECOM SAS|0,00|1891,61|||20251130||
AC|Achats|AC00049|20250704|602100|Achats de matieres consommables|||AC074745|20250704|FACT 250130 FOURNITURES BUREAU|702,00|0,00|||20250710||
AC|Achats|AC00049|20250704|418100|Clients - Factures a etablir|||AC074745|20250704|FACT 250130 FOURNITURES BUREAU|0,00|702,00|||20250710||
AC|Achats|AC00050|20251204|401000|Fournisseurs|F00010|ELECTRICITE DE FRANCE|AC126567|20251204|FACT 250112 TELECOM SAS|7929,99|0,00|||20251205||
AC|Achats|AC00050|20251204|517000|Autres organismes financiers|||AC126567|20251204|FACT 250112 TELECOM SAS|0,00|7929,99|||20251205||
AC|Achats|AC00051|20251111|625100|Voyages et deplacements|||AC113366|20251111|FACT 250203 ELECTRICITE DE FRANCE|1173,21|0,00|||20251117||
AC|Achats|AC00051|20251111|445520|TVA due intracommunautaire|||AC113366|20251111|FACT 250203 ELECTRICITE DE FRANCE|0,00|1173,21|||20251117||
AC|Achats|AC00052|20250808|602260|Achats d'emballages|||AC086879|20250808|FACT 250226 ELECTRICITE DE FRANCE|792,01|0,00|||20250813||
AC|Achats|AC00052|20250808|445620|TVA deductible sur immobilisations|||AC086879|20250808|FACT 250226 ELECTRICITE DE FRANCE|0,00|792,01|||20250813||
AC|Achats|AC00053|20251104|623100|Annonces et insertions|||AC119937|20251104|FACT 250119 TELECOM SAS|375,26|0,00|||20251110||
AC|Achats|AC00053|20251104|421000|Personnel - Remunerations dues|||AC119937|20251104|FACT 250119 TELECOM SAS|0,00|375,26|||20251110||
AC|Achats|AC00054|20250128|606800|Autres matieres et fournitures|||AC015850|20250128|FACT 250129 PAPETERIE EXPRESS|708,89|0,00|||20250203||
AC|Achats|AC00054|20250128|511000|Valeurs a l'encaissement|||AC015850|20250128|FACT 250129 PAPETERIE EXPRESS|0,00|708,89|||20250203||
AC|Achats|AC00055|20251105|615500|Entretien et reparations sur biens mobiliers|||AC118584|20251105|FACT 250113 FOURNITURES BUREAU|935,73|0,00|||20251105||
AC|Achats|AC00055|20251105|409100|Fournisseurs - Avances et acomptes verses|||AC118584|20251105|FACT 250113 FOURNITURES BUREAU|0,00|935,73|||20251105||
AC|Achats|AC00056|20250826|618500|Frais de colloques, seminaires, conferences|||AC085766|20250826|FACT 250224 FOURNITURES BUREAU|1843,25|0,00|||20250826||
AC|Achats|AC00056|20250826|428200|Personnel - Conges payes|||AC085766|20250826|FACT 250224 FOURNITURES BUREAU|0,00|1843,25|||20250826||
AC|Achats|AC00057|20250502|628100|Concours divers (cotisations...)|||AC058014|20250502|FACT 250216 TELECOM SAS|1442,45|0,00|||20250502||
AC|Achats|AC00057|20250502|444000|Etat - Impots sur les benefices|||AC058014|20250502|FACT 250216 TELECOM SAS|0,00|1442,45|||20250502||
AC|Achats|AC00058|20251003|616000|Primes d'assurance|||AC104771|20251003|FACT 250104 TELECOM SAS|1869,90|0,00|||20251010||
AC|Achats|AC00058|20251003|512000|Banque principale|||AC104771|20251003|FACT 250104 TELECOM SAS|0,00|1869,90|||20251010||
AC|Achats|AC00059|20250821|613500|Locations mobilieres|||AC086172|20250821|FACT 250130 ELECTRICITE DE FRANCE|1869,79|0,00|||20250824||
AC|Achats|AC00059|20250821|445660|TVA deductible sur ABS|||AC086172|20250821|FACT 250130 ELECTRICITE DE FRANCE|0,00|1869,79|||20250824||
AC|Achats|AC00060|20250507|401000|Fournisseurs|F00007|ASSURANCE GENERALI|AC057842|20250507|FACT 250104 TELECOM SAS|6275,25|0,00|||20250513||
AC|Achats|AC00060|20250507|511000|Valeurs a l'encaissement|||AC057842|20250507|FACT 250104 TELECOM SAS|0,00|6275,25|||20250513||
AC|Achats|AC00061|20250701|626000|Frais postaux et de telecommunications|||AC071743|20250701|FACT 250103 ELECTRICITE DE FRANCE|1371,92|0,00|||20250704||
AC|Achats|AC00061|20250701|419100|Clients - Avances et acomptes recus|||AC071743|20250701|FACT 250103 ELECTRICITE DE FRANCE|0,00|1371,92|||20250704||
AC|Achats|AC00062|20251205|622700|Frais d'actes et de contentieux|||AC128242|20251205|FACT 250129 ELECTRICITE DE FRANCE|1534,34|0,00|||20251212||
AC|Achats|AC00062|20251205|438200|Charges sociales sur conges a payer|||AC128242|20251205|FACT 250129 ELECTRICITE DE FRANCE|0,00|1534,34|||20251212||
AC|Achats|AC00063|20250425|601000|Achats de matieres premieres|||AC041143|20250425|FACT 250114 ELECTRICITE DE FRANCE|1100,70|0,00|||20250502||
AC|Achats|AC00063|20250425|486000|Charges constatees d'avance|||AC041143|20250425|FACT 250114 ELECTRICITE DE FRANCE|0,00|1100,70|||20250502||
AC|Achats|AC00064|20250429|625100|Voyages et deplacements|||AC046227|20250429|FACT 250223 ELECTRICITE DE FRANCE|276,32|0,00|||20250502||
AC|Achats|AC00064|20250429|445620|TVA deductible sur immobilisations|||AC046227|20250429|FACT 250223 ELECTRICITE DE FRANCE|0,00|276,32|||20250502||
AC|Achats|AC00065|20250103|628100|Concours divers (cotisations...)|||AC013818|20250103|FACT 250130 TELECOM SAS|700,49|0,00|||20250106||
AC|Achats|AC00065|20250103|467000|Autres comptes debiteurs ou crediteurs|||AC013818|20250103|FACT 250130 TELECOM SAS|0,00|700,49|||20250106||
AC|Achats|AC00066|20251031|618100|Documentation generale|||AC104144|20251031|FACT 250114 PAPETERIE EXPRESS|1311,29|0,00|||20251103||
AC|Achats|AC00066|20251031|445860|TVA sur factures non parvenues|||AC104144|20251031|FACT 250114 PAPETERIE EXPRESS|0,00|1311,29|||20251103||
AC|Achats|AC00067|20251212|623400|Cadeaux a la clientele|||AC128985|20251212|FACT 250131 FOURNITURES BUREAU|1346,40|0,00|||20251215||
AC|Achats|AC00067|20251212|512100|Banque secondaire|||AC128985|20251212|FACT 250131 FOURNITURES BUREAU|0,00|1346,40|||20251215||
AC|Achats|AC00068|20251024|615500|Entretien et reparations sur biens mobiliers|||AC106171|20251024|FACT 250226 PAPETERIE EXPRESS|476,46|0,00|||20251031||
AC|Achats|AC00068|20251024|530000|Caisse|||AC106171|20251024|FACT 250226 PAPETERIE EXPRESS|0,00|476,46|||20251031||
AC|Achats|AC00069|20250120|616000|Primes d'assurance|||AC017356|20250120|FACT 250226 FOURNITURES BUREAU|1236,96|0,00|||20250121||
AC|Achats|AC00069|20250120|467000|Autres comptes debiteurs ou crediteurs|||AC017356|20250120|FACT 250226 FOURNITURES BUREAU|0,00|1236,96|||20250121||
AC|Achats|AC00070|20250625|608500|Frais accessoires d'achat|||AC066246|20250625|FACT 250219 ELECTRICITE DE FRANCE|437,12|0,00|||20250625||
AC|Achats|AC00070|20250625|447100|Autres impots, taxes et versements assimiles|||AC066246|20250625|FACT 250219 ELECTRICITE DE FRANCE|0,00|437,12|||20250625||
AC|Achats|AC00071|20250827|602100|Achats de matieres consommables|||AC081939|20250827|FACT 250115 TELECOM SAS|984,98|0,00|||20250828||
AC|Achats|AC00071|20250827|418100|Clients - Factures a etablir|||AC081939|20250827|FACT 250115 TELECOM SAS|0,00|984,98|||20250828||
AC|Achats|AC00072|20251114|606100|Electricite, gaz, eau|||AC119335|20251114|FACT 250113 DALKIA FRANCE|320,92|0,00|||20251118||
AC|Achats|AC00072|20251114|518100|Interets courus a payer|||AC119335|20251114|FACT 250113 DALKIA FRANCE|0,00|320,92|||20251118||
AC|Achats|AC00073|20250708|401000|Fournisseurs|F00002|TELECOM SAS|AC072230|20250708|FACT 250111 DALKIA FRANCE|2341,20|0,00|||20250713||
AC|Achats|AC00073|20250708|514000|Cheques postaux|||AC072230|20250708|FACT 250111 DALKIA FRANCE|0,00|2341,20|||20250713||
AC|Achats|AC00074|20251030|627000|Services bancaires et assimiles|||AC106495|20251030|FACT 250104 TELECOM SAS|22,32|0,00|||20251031||
AC|Achats|AC00074|20251030|408100|Fournisseurs - Factures non parvenues|||AC106495|20251030|FACT 250104 TELECOM SAS|0,00|22,32|||20251031||
AC|Achats|AC00075|20250527|401000|Fournisseurs|F00004|PAPETERIE EXPRESS|AC053457|20250527|FACT 250224 TELECOM SAS|9583,47|0,00|||20250531||
AC|Achats|AC00075|20250527|590000|Depreciation des valeurs mobilieres de placement|||AC053457|20250527|FACT 250224 TELECOM SAS|0,00|9583,47|||20250531||
AC|Achats|AC00076|20250929|627000|Services bancaires et assimiles|||AC095230|20250929|FACT 250218 TELECOM SAS|1295,68|0,00|||20251005||
AC|Achats|AC00076|20250929|428200|Personnel - Conges payes|||AC095230|20250929|FACT 250218 TELECOM SAS|0,00|1295,68|||20251005||
AC|Achats|AC00077|20250516|606100|Electricite, gaz, eau|||AC059712|20250516|FACT 250118 ELECTRICITE DE FRANCE|1091,62|0,00|||20250522||
AC|Achats|AC00077|20250516|445510|TVA a decaisser|||AC059712|20250516|FACT 250118 ELECTRICITE DE FRANCE|0,00|1091,62|||20250522||
AC|Achats|AC00078|20250926|607000|Achats de marchandises|||AC092917|20250926|FACT 250105 FOURNITURES BUREAU|1712,40|0,00|||20250930||
AC|Achats|AC00078|20250926|590000|Depreciation des valeurs mobilieres de placement|||AC092917|20250926|FACT 250105 FOURNITURES BUREAU|0,00|1712,40|||20250930||
AC|Achats|AC00079|20250207|615200|Entretien et reparations sur biens immobiliers|||AC021704|20250207|FACT 250125 ELECTRICITE DE FRANCE|1792,85|0,00|||20250209||
AC|Achats|AC00079|20250207|404000|Fournisseurs d'immobilisations|||AC021704|20250207|FACT 250125 ELECTRICITE DE FRANCE|0,00|1792,85|||20250209||
AC|Achats|AC00080|20251107|623400|Cadeaux a la clientele|||AC112360|20251107|FACT 250227 PAPETERIE EXPRESS|1637,31|0,00|||20251109||
AC|Achats|AC00080|20251107|514000|Cheques postaux|||AC112360|20251107|FACT 250227 PAPETERIE EXPRESS|0,00|1637,31|||20251109||
AC|Achats|AC00081|20250922|611000|Sous-traitance generale|||AC098971|20250922|FACT 250218 PAPETERIE EXPRESS|702,41|0,00|||20250925||
AC|Achats|AC00081|20250922|468600|Charges a payer|||AC098971|20250922|FACT 250218 PAPETERIE EXPRESS|0,00|702,41|||20250925||
AC|Achats|AC00082|20250418|618100|Documentation generale|||AC041648|20250418|FACT 250225 FOURNITURES BUREAU|1184,60|0,00|||20250419||
AC|Achats|AC00082|20250418|401000|Fournisseurs|F00003|FOURNITURES BUREAU DIRECT|AC041648|20250418|FACT 250225 FOURNITURES BUREAU|0,00|1184,60|||20250419||
AC|Achats|AC00083|20250321|625600|Missions|||AC034932|20250321|FACT 250113 ELECTRICITE DE FRANCE|919,53|0,00|||20250325||
AC|Achats|AC00083|20250321|437000|Autres organismes sociaux|||AC034932|20250321|FACT 250113 ELECTRICITE DE FRANCE|0,00|919,53|||20250325||
AC|Achats|AC00084|20250410|602260|Achats d'emballages|||AC045006|20250410|FACT 250216 FOURNITURES BUREAU|136,77|0,00|||20250413||
AC|Achats|AC00084|20250410|427000|Personnel - Oppositions|||AC045006|20250410|FACT 250216 FOURNITURES BUREAU|0,00|136,77|||20250413||
AC|Achats|AC00085|20250319|625100|Voyages et deplacements|||AC031761|20250319|FACT 250205 DALKIA FRANCE|485,16|0,00|||20250324||
AC|Achats|AC00085|20250319|500000|Valeurs mobilieres de placement|||AC031761|20250319|FACT 250205 DALKIA FRANCE|0,00|485,16|||20250324||
AC|Achats|AC00086|20250124|602100|Achats de matieres consommables|||AC015443|20250124|FACT 250211 FOURNITURES BUREAU|186,24|0,00|||20250130||
AC|Achats|AC00086|20250124|468600|Charges a payer|||AC015443|20250124|FACT 250211 FOURNITURES BUREAU|0,00|186,24|||20250130||
AC|Achats|AC00087|20250526|615200|Entretien et reparations sur biens immobiliers|||AC058587|20250526|FACT 250212 ELECTRICITE DE FRANCE|84,00|0,00|||20250530||
AC|Achats|AC00087|20250526|411000|Clients|C00003|CLIENT GAMMA|AC058587|20250526|FACT 250212 ELECTRICITE DE FRANCE|0,00|84,00|||20250530||
AC|Achats|AC00088|20250808|622600|Honoraires|||AC089024|20250808|FACT 250216 DALKIA FRANCE|506,74|0,00|||20250813||
AC|Achats|AC00088|20250808|441000|Etat - Impot sur les benefices|||AC089024|20250808|FACT 250216 DALKIA FRANCE|0,00|506,74|||20250813||
BQ|Banque|BQ00001|20250805|707000|Ventes de marchandises|||BQ081805|20250805|OPERATION BANCAIRE 17/01|729,53|0,00|||20250808||
BQ|Banque|BQ00001|20250805|580000|Virements internes|||BQ081805|20250805|OPERATION BANCAIRE 17/01|0,00|729,53|||20250808||
BQ|Banque|BQ00002|20250228|777000|Quote-part des subventions d'investissement viree au resultat|||BQ024800|20250228|OPERATION BANCAIRE 25/02|546,58|0,00|||20250302||
BQ|Banque|BQ00002|20250228|455000|Associes - Comptes courants|||BQ024800|20250228|OPERATION BANCAIRE 25/02|0,00|546,58|||20250302||
BQ|Banque|BQ00003|20250425|665000|Escomptes accordes|||BQ045746|20250425|CB 10/02 FOURNISSEUR|676,55|0,00|||20250502||
BQ|Banque|BQ00003|20250425|512100|Banque secondaire|||BQ045746|20250425|CB 10/02 FOURNISSEUR|0,00|676,55|||20250502||
BQ|Banque|BQ00004|20250815|615600|Maintenance|||BQ088609|20250815|CB 30/01 FOURNISSEUR|1508,87|0,00|||20250820||
BQ|Banque|BQ00004|20250815|445670|TVA collectee|||BQ088609|20250815|CB 30/01 FOURNISSEUR|0,00|1508,87|||20250820||
BQ|Banque|BQ00005|20250929|403000|Fournisseurs - Effets a payer|||BQ095371|20250929|OPERATION BANCAIRE 29/01|213,43|0,00|||20251001||
BQ|Banque|BQ00005|20250929|602200|Achats de fournitures consommables|||BQ095371|20250929|OPERATION BANCAIRE 29/01|0,00|213,43|||20251001||
BQ|Banque|BQ00006|20250828|418100|Clients - Factures a etablir|||BQ087465|20250828|OPERATION BANCAIRE 20/01|845,41|0,00|||20250829||
BQ|Banque|BQ00006|20250828|671000|Charges exceptionnelles sur operations de gestion|||BQ087465|20250828|OPERATION BANCAIRE 20/01|0,00|845,41|||20250829||
BQ|Banque|BQ00007|20251003|781740|Reprises sur provisions sur creances|||BQ108048|20251003|OPERATION BANCAIRE 24/02|1003,27|0,00|||20251007||
BQ|Banque|BQ00007|20251003|281820|Amort. materiel de transport|||BQ108048|20251003|OPERATION BANCAIRE 24/02|0,00|1003,27|||20251007||
BQ|Banque|BQ00008|20251223|623400|Cadeaux a la clientele|||BQ121204|20251223|CB 26/02 FOURNISSEUR|158,53|0,00|||20251228||
BQ|Banque|BQ00008|20251223|438200|Charges sociales sur conges a payer|||BQ121204|20251223|CB 26/02 FOURNISSEUR|0,00|158,53|||20251228||
BQ|Banque|BQ00009|20251120|419100|Clients - Avances et acomptes recus|||BQ118681|20251120|OPERATION BANCAIRE 06/02|619,80|0,00|||20251121||
BQ|Banque|BQ00009|20251120|687000|Dot. amort. et provisions exceptionnels|||BQ118681|20251120|OPERATION BANCAIRE 06/02|0,00|619,80|||20251121||
BQ|Banque|BQ00010|20250207|625700|Receptions|||BQ026059|20250207|CB 11/02 FOURNISSEUR|1387,63|0,00|||20250209||
BQ|Banque|BQ00010|20250207|445710|TVA collectee a payer|||BQ026059|20250207|CB 11/02 FOURNISSEUR|0,00|1387,63|||20250209||
BQ|Banque|BQ00011|20250612|606800|Autres matieres et fournitures|||BQ064753|20250612|CB 07/02 FOURNISSEUR|1793,95|0,00|||20250612||
BQ|Banque|BQ00011|20250612|512000|Banque principale|||BQ064753|20250612|CB 07/02 FOURNISSEUR|0,00|1793,95|||20250612||
BQ|Banque|BQ00012|20250515|508000|Interets courus sur VMP|||BQ056576|20250515|VIREMENT 27/02 REF 52729442|829,42|0,00|||20250518||
BQ|Banque|BQ00012|20250515|606100|Electricite, gaz, eau|||BQ056576|20250515|VIREMENT 27/02 REF 52729442|0,00|829,42|||20250518||
BQ|Banque|BQ00013|20250725|701000|Ventes de produits finis|||BQ079809|20250725|OPERATION BANCAIRE 24/01|1223,47|0,00|||20250801||
BQ|Banque|BQ00013|20250725|517000|Autres organismes financiers|||BQ079809|20250725|OPERATION BANCAIRE 24/01|0,00|1223,47|||20250801||
BQ|Banque|BQ00014|20250207|500000|Valeurs mobilieres de placement|||BQ023150|20250207|VIREMENT 28/01 REF 33860308|463,26|0,00|||20250208||
BQ|Banque|BQ00014|20250207|777000|Quote-part des subventions d'investissement viree au resultat|||BQ023150|20250207|VIREMENT 28/01 REF 33860308|0,00|463,26|||20250208||
BQ|Banque|BQ00015|20250129|618500|Frais de colloques, seminaires, conferences|||BQ011262|20250129|CB 17/01 FOURNISSEUR|1329,67|0,00|||20250201||
BQ|Banque|BQ00015|20250129|514000|Cheques postaux|||BQ011262|20250129|CB 17/01 FOURNISSEUR|0,00|1329,67|||20250201||
BQ|Banque|BQ00016|20250812|625700|Receptions|||BQ084966|20250812|CB 17/02 FOURNISSEUR|884,80|0,00|||20250817||
BQ|Banque|BQ00016|20250812|455000|Associes - Comptes courants|||BQ084966|20250812|CB 17/02 FOURNISSEUR|0,00|884,80|||20250817||
BQ|Banque|BQ00017|20251203|763000|Revenus des autres creances|||BQ121969|20251203|OPERATION BANCAIRE 26/01|664,26|0,00|||20251203||
BQ|Banque|BQ00017|20251203|661000|Charges d'interets|||BQ121969|20251203|OPERATION BANCAIRE 26/01|0,00|664,26|||20251203||
BQ|Banque|BQ00018|20251125|754000|Ristournes percues des cooperatives|||BQ115871|20251125|OPERATION BANCAIRE 01/01|880,66|0,00|||20251126||
BQ|Banque|BQ00018|20251125|608500|Frais accessoires d'achat|||BQ115871|20251125|OPERATION BANCAIRE 01/01|0,00|880,66|||20251126||
BQ|Banque|BQ00019|20250418|613500|Locations mobilieres|||BQ046073|20250418|CB 19/02 FOURNISSEUR|176,95|0,00|||20250418||
BQ|Banque|BQ00019|20250418|530000|Caisse|||BQ046073|20250418|CB 19/02 FOURNISSEUR|0,00|176,95|||20250418||
BQ|Banque|BQ00020|20250304|698000|Integration fiscale - Charges|||BQ039737|20250304|CB 12/02 FOURNISSEUR|303,79|0,00|||20250308||
BQ|Banque|BQ00020|20250304|447100|Autres impots, taxes et versements assimiles|||BQ039737|20250304|CB 12/02 FOURNISSEUR|0,00|303,79|||20250308||
BQ|Banque|BQ00021|20251107|654000|Pertes sur creances irrecouvrables|||BQ116188|20251107|CB 27/02 FOURNISSEUR|651,90|0,00|||20251113||
BQ|Banque|BQ00021|20251107|511000|Valeurs a l'encaissement|||BQ116188|20251107|CB 27/02 FOURNISSEUR|0,00|651,90|||20251113||
BQ|Banque|BQ00022|20250304|512100|Banque secondaire|||BQ032764|20250304|VIREMENT 11/02 REF 88527675|567,28|0,00|||20250310||
BQ|Banque|BQ00022|20250304|444000|Etat - Impots sur les benefices|||BQ032764|20250304|VIREMENT 11/02 REF 88527675|0,00|567,28|||20250310||
BQ|Banque|BQ00023|20250429|709000|Rabais, remises et ristournes accordes|||BQ044060|20250429|OPERATION BANCAIRE 09/01|1514,80|0,00|||20250430||
BQ|Banque|BQ00023|20250429|213500|Installations generales, agencements|||BQ044060|20250429|OPERATION BANCAIRE 09/01|0,00|1514,80|||20250430||
BQ|Banque|BQ00024|20250128|654000|Pertes sur creances irrecouvrables|||BQ014538|20250128|CB 11/02 FOURNISSEUR|83,70|0,00|||20250203||
BQ|Banque|BQ00024|20250128|447100|Autres impots, taxes et versements assimiles|||BQ014538|20250128|CB 11/02 FOURNISSEUR|0,00|83,70|||20250203||
BQ|Banque|BQ00025|20250421|602100|Achats de matieres consommables|||BQ046641|20250421|CB 01/02 FOURNISSEUR|144,11|0,00|||20250426||
BQ|Banque|BQ00025|20250421|438200|Charges sociales sur conges a payer|||BQ046641|20250421|CB 01/02 FOURNISSEUR|0,00|144,11|||20250426||
BQ|Banque|BQ00026|20251126|602100|Achats de matieres consommables|||BQ112013|20251126|CB 08/01 FOURNISSEUR|1081,12|0,00|||20251126||
BQ|Banque|BQ00026|20251126|491000|Depreciation des comptes clients|||BQ112013|20251126|CB 08/01 FOURNISSEUR|0,00|1081,12|||20251126||
BQ|Banque|BQ00027|20250127|601000|Achats de matieres premieres|||BQ011236|20250127|CB 14/02 FOURNISSEUR|1042,93|0,00|||20250203||
BQ|Banque|BQ00027|20250127|445660|TVA deductible sur ABS|||BQ011236|20250127|CB 14/02 FOURNISSEUR|0,00|1042,93|||20250203||
BQ|Banque|BQ00028|20250407|675000|Valeurs comptables des elements d'actif cedes|||BQ046876|20250407|CB 10/02 FOURNISSEUR|109,89|0,00|||20250407||
BQ|Banque|BQ00028|20250407|512000|Banque principale|||BQ046876|20250407|CB 10/02 FOURNISSEUR|0,00|109,89|||20250407||
BQ|Banque|BQ00029|20250311|761000|Produits de participations|||BQ036775|20250311|OPERATION BANCAIRE 25/01|512,10|0,00|||20250311||
BQ|Banque|BQ00029|20250311|706000|Prestations de services|||BQ036775|20250311|OPERATION BANCAIRE 25/01|0,00|512,10|||20250311||
BQ|Banque|BQ00030|20251113|781740|Reprises sur provisions sur creances|||BQ114759|20251113|OPERATION BANCAIRE 21/02|1352,01|0,00|||20251117||
BQ|Banque|BQ00030|20251113|608500|Frais accessoires d'achat|||BQ114759|20251113|OPERATION BANCAIRE 21/02|0,00|1352,01|||20251117||
BQ|Banque|BQ00031|20250404|403000|Fournisseurs - Effets a payer|||BQ044878|20250404|OPERATION BANCAIRE 27/02|755,99|0,00|||20250409||
BQ|Banque|BQ00031|20250404|418100|Clients - Factures a etablir|||BQ044878|20250404|OPERATION BANCAIRE 27/02|0,00|755,99|||20250409||
BQ|Banque|BQ00032|20251006|580000|Virements internes|||BQ102141|20251006|VIREMENT 24/01 REF 11993929|908,84|0,00|||20251007||
BQ|Banque|BQ00032|20251006|627000|Services bancaires et assimiles|||BQ102141|20251006|VIREMENT 24/01 REF 11993929|0,00|908,84|||20251007||
BQ|Banque|BQ00033|20250211|786500|Reprises sur provisions pour risques et charges financiers|||BQ023382|20250211|OPERATION BANCAIRE 24/01|920,56|0,00|||20250215||
BQ|Banque|BQ00033|20250211|625600|Missions|||BQ023382|20250211|OPERATION BANCAIRE 24/01|0,00|920,56|||20250215||
BQ|Banque|BQ00034|20250905|618100|Documentation generale|||BQ099668|20250905|CB 25/01 FOURNISSEUR|1778,04|0,00|||20250908||
BQ|Banque|BQ00034|20250905|511000|Valeurs a l'encaissement|||BQ099668|20250905|CB 25/01 FOURNISSEUR|0,00|1778,04|||20250908||
BQ|Banque|BQ00035|20250919|606300|Fournitures d'entretien et petit equipement|||BQ097602|20250919|CB 14/02 FOURNISSEUR|971,58|0,00|||20250919||
BQ|Banque|BQ00035|20250919|445670|TVA collectee|||BQ097602|20250919|CB 14/02 FOURNISSEUR|0,00|971,58|||20250919||
BQ|Banque|BQ00036|20250103|614000|Charges locatives|||BQ013788|20250103|CB 18/01 FOURNISSEUR|38,93|0,00|||20250107||
BQ|Banque|BQ00036|20250103|512100|Banque secondaire|||BQ013788|20250103|CB 18/01 FOURNISSEUR|0,00|38,93|||20250107||
BQ|Banque|BQ00037|20250324|651000|Redevances pour concessions, brevets, licences, etc.|||BQ032990|20250324|CB 13/02 FOURNISSEUR|1378,99|0,00|||20250330||
BQ|Banque|BQ00037|20250324|445870|TVA sur factures a etablir|||BQ032990|20250324|CB 13/02 FOURNISSEUR|0,00|1378,99|||20250330||
BQ|Banque|BQ00038|20251121|606300|Fournitures d'entretien et petit equipement|||BQ112666|20251121|CB 20/02 FOURNISSEUR|514,64|0,00|||20251127||
BQ|Banque|BQ00038|20251121|580000|Virements internes|||BQ112666|20251121|CB 20/02 FOURNISSEUR|0,00|514,64|||20251127||
BQ|Banque|BQ00039|20250617|631000|Impots, taxes et versements assimiles sur remunerations|||BQ068779|20250617|CB 17/01 FOURNISSEUR|1095,99|0,00|||20250621||
BQ|Banque|BQ00039|20250617|445860|TVA sur factures non parvenues|||BQ068779|20250617|CB 17/01 FOURNISSEUR|0,00|1095,99|||20250621||
BQ|Banque|BQ00040|20251125|625100|Voyages et deplacements|||BQ119903|20251125|CB 02/02 FOURNISSEUR|1993,95|0,00|||20251129||
BQ|Banque|BQ00040|20251125|418100|Clients - Factures a etablir|||BQ119903|20251125|CB 02/02 FOURNISSEUR|0,00|1993,95|||20251129||
BQ|Banque|BQ00041|20250620|681740|Dot. provisions sur creances|||BQ063152|20250620|CB 20/01 FOURNISSEUR|289,12|0,00|||20250626||
BQ|Banque|BQ00041|20250620|408100|Fournisseurs - Factures non parvenues|||BQ063152|20250620|CB 20/01 FOURNISSEUR|0,00|289,12|||20250626||
BQ|Banque|BQ00042|20251017|765000|Escomptes obtenus|||BQ102463|20251017|OPERATION BANCAIRE 17/02|1723,71|0,00|||20251019||
BQ|Banque|BQ00042|20251017|602200|Achats de fournitures consommables|||BQ102463|20251017|OPERATION BANCAIRE 17/02|0,00|1723,71|||20251019||
BQ|Banque|BQ00043|20250704|767000|Produits nets sur cessions de valeurs mobilieres de placement|||BQ076315|20250704|OPERATION BANCAIRE 19/01|93,92|0,00|||20250711||
BQ|Banque|BQ00043|20250704|101000|Capital social|||BQ076315|20250704|OPERATION BANCAIRE 19/01|0,00|93,92|||20250711||
BQ|Banque|BQ00044|20250919|612000|Redevances de credit-bail|||BQ091303|20250919|CB 01/01 FOURNISSEUR|899,49|0,00|||20250923||
BQ|Banque|BQ00044|20250919|514000|Cheques postaux|||BQ091303|20250919|CB 01/01 FOURNISSEUR|0,00|899,49|||20250923||
BQ|Banque|BQ00045|20251114|508000|Interets courus sur VMP|||VE103702|20251114|VIREMENT 19/02 REF 65786265|980,77|0,00|||20251120||
BQ|Banque|BQ00045|20251114|151000|Provisions pour risques|||BQ111303|20251114|VIREMENT 19/02 REF 65786265|0,00|980,77|||20251120||
BQ|Banque|BQ00046|20251212|681740|Dot. provisions sur creances|||BQ128650|20251212|CB 27/01 FOURNISSEUR|1766,18|0,00|||20251218||
BQ|Banque|BQ00046|20251212|512100|Banque secondaire|||BQ128650|20251212|CB 27/01 FOURNISSEUR|0,00|1766,18|||20251218||
BQ|Banque|BQ00047|20250624|613500|Locations mobilieres|||BQ065010|20250624|CB 07/01 FOURNISSEUR|1216,42|0,00|||20250701||
BQ|Banque|BQ00047|20250624|445710|TVA collectee a payer|||BQ065010|20250624|CB 07/01 FOURNISSEUR|0,00|1216,42|||20250701||
BQ|Banque|BQ00048|20250203|642000|Remunerations des dirigeants|||BQ022299|20250203|CB 10/02 FOURNISSEUR|684,30|0,00|||20250204||
BQ|Banque|BQ00048|20250203|445860|TVA sur factures non parvenues|||BQ022299|20250203|CB 10/02 FOURNISSEUR|0,00|684,30|||20250204||
BQ|Banque|BQ00049|20250502|781740|Reprises sur provisions sur creances|||BQ055905|20250502|OPERATION BANCAIRE 17/01|257,13|0,00|||20250506||
BQ|Banque|BQ00049|20250502|602100|Achats de matieres consommables|||BQ055905|20250502|OPERATION BANCAIRE 17/01|0,00|257,13|||20250506||
BQ|Banque|BQ00050|20250710|623100|Annonces et insertions|||BQ076931|20250710|CB 08/02 FOURNISSEUR|1472,39|0,00|||20250716||
BQ|Banque|BQ00050|20250710|512000|Banque principale|||BQ076931|20250710|CB 08/02 FOURNISSEUR|0,00|1472,39|||20250716||
BQ|Banque|BQ00051|20250207|622700|Frais d'actes et de contentieux|||BQ027181|20250207|CB 30/01 FOURNISSEUR|401,50|0,00|||20250214||
BQ|Banque|BQ00051|20250207|431000|Securite sociale|||BQ027181|20250207|CB 30/01 FOURNISSEUR|0,00|401,50|||20250214||
BQ|Banque|BQ00052|20251119|615500|Entretien et reparations sur biens mobiliers|||BQ118661|20251119|CB 31/01 FOURNISSEUR|1202,77|0,00|||20251122||
BQ|Banque|BQ00052|20251119|408400|Fournisseurs d'immobilisations - Factures non parvenues|||BQ118661|20251119|CB 31/01 FOURNISSEUR|0,00|1202,77|||20251122||
BQ|Banque|BQ00053|20250224|625100|Voyages et deplacements|||BQ024050|20250224|CB 08/02 FOURNISSEUR|1882,48|0,00|||20250301||
BQ|Banque|BQ00053|20250224|445660|TVA deductible sur ABS|||BQ024050|20250224|CB 08/02 FOURNISSEUR|0,00|1882,48|||20250301||
BQ|Banque|BQ00054|20251114|623000|Publicite, publications, relations publiques|||BQ116173|20251114|CB 06/02 FOURNISSEUR|980,51|0,00|||20251118||
BQ|Banque|BQ00054|20251114|514000|Cheques postaux|||BQ116173|20251114|CB 06/02 FOURNISSEUR|0,00|980,51|||20251118||
BQ|Banque|BQ00055|20250321|625600|Missions|||BQ032465|20250321|CB 13/02 FOURNISSEUR|1832,03|0,00|||20250321||
BQ|Banque|BQ00055|20250321|487000|Produits constates d'avance|||BQ032465|20250321|CB 13/02 FOURNISSEUR|0,00|1832,03|||20250321||
BQ|Banque|BQ00056|20251024|413000|Clients - Effets a recevoir|||BQ103365|20251024|OPERATION BANCAIRE 19/01|857,98|0,00|||20251027||
BQ|Banque|BQ00056|20251024|606800|Autres matieres et fournitures|||BQ103365|20251024|OPERATION BANCAIRE 19/01|0,00|857,98|||20251027||
BQ|Banque|BQ00057|20250408|512100|Banque secondaire|||BQ046989|20250408|VIREMENT 15/01 REF 1210601|750,18|0,00|||20250408||
BQ|Banque|BQ00057|20250408|455000|Associes - Comptes courants|||BQ046989|20250408|VIREMENT 15/01 REF 1210601|0,00|750,18|||20250408||
BQ|Banque|BQ00058|20250611|675000|Valeurs comptables des elements d'actif cedes|||BQ068833|20250611|CB 26/01 FOURNISSEUR|1714,99|0,00|||20250616||
BQ|Banque|BQ00058|20250611|500000|Valeurs mobilieres de placement|||BQ068833|20250611|CB 26/01 FOURNISSEUR|0,00|1714,99|||20250616||
BQ|Banque|BQ00059|20250321|681120|Dot. amort. sur immo. corporelles|||BQ039305|20250321|CB 05/02 FOURNISSEUR|1582,91|0,00|||20250321||
BQ|Banque|BQ00059|20250321|445620|TVA deductible sur immobilisations|||BQ039305|20250321|CB 05/02 FOURNISSEUR|0,00|1582,91|||20250321||
BQ|Banque|BQ00060|20250723|713000|Variation des stocks|||BQ071954|20250723|OPERATION BANCAIRE 23/02|1802,68|0,00|||20250723||
BQ|Banque|BQ00060|20250723|615200|Entretien et reparations sur biens immobiliers|||BQ071954|20250723|OPERATION BANCAIRE 23/02|0,00|1802,68|||20250723||
BQ|Banque|BQ00061|20251002|518700|Interets courus a recevoir|||BQ101461|20251002|VIREMENT 21/01 REF 91152199|61,35|0,00|||20251008||
BQ|Banque|BQ00061|20251002|397100|Depreciation des stocks de marchandises|||BQ101461|20251002|VIREMENT 21/01 REF 91152199|0,00|61,35|||20251008||
BQ|Banque|BQ00062|20251205|701000|Ventes de produits finis|||BQ126661|20251205|OPERATION BANCAIRE 21/01|452,23|0,00|||20251211||
BQ|Banque|BQ00062|20251205|218200|Materiel de transport|||BQ126661|20251205|OPERATION BANCAIRE 21/01|0,00|452,23|||20251211||
BQ|Banque|BQ00063|20250606|777000|Quote-part des subventions d'investissement viree au resultat|||BQ066650|20250606|OPERATION BANCAIRE 07/01|983,15|0,00|||20250608||
BQ|Banque|BQ00063|20250606|421000|Personnel - Remunerations dues|||BQ066650|20250606|OPERATION BANCAIRE 07/01|0,00|983,15|||20250608||
BQ|Banque|BQ00064|20250717|695000|Impots sur les benefices|||BQ071228|20250717|CB 18/02 FOURNISSEUR|360,19|0,00|||20250717||
BQ|Banque|BQ00064|20250717|487000|Produits constates d'avance|||BQ071228|20250717|CB 18/02 FOURNISSEUR|0,00|360,19|||20250717||
BQ|Banque|BQ00065|20251003|661000|Charges d'interets|||BQ104785|20251003|CB 04/01 FOURNISSEUR|681,34|0,00|||20251008||
BQ|Banque|BQ00065|20251003|408100|Fournisseurs - Factures non parvenues|||BQ104785|20251003|CB 04/01 FOURNISSEUR|0,00|681,34|||20251008||
BQ|Banque|BQ00066|20251215|763000|Revenus des autres creances|||BQ124395|20251215|OPERATION BANCAIRE 17/02|908,66|0,00|||20251222||
BQ|Banque|BQ00066|20251215|777000|Quote-part des subventions d'investissement viree au resultat|||BQ124395|20251215|OPERATION BANCAIRE 17/02|0,00|908,66|||20251222||
BQ|Banque|BQ00067|20250224|626000|Frais postaux et de telecommunications|||BQ026878|20250224|CB 16/02 FOURNISSEUR|1233,19|0,00|||20250301||
BQ|Banque|BQ00067|20250224|408400|Fournisseurs d'immobilisations - Factures non parvenues|||BQ026878|20250224|CB 16/02 FOURNISSEUR|0,00|1233,19|||20250301||
BQ|Banque|BQ00068|20250221|713000|Variation des stocks|||BQ025719|20250221|OPERATION BANCAIRE 21/02|856,68|0,00|||20250227||
BQ|Banque|BQ00068|20250221|408400|Fournisseurs d'immobilisations - Factures non parvenues|||BQ025719|20250221|OPERATION BANCAIRE 21/02|0,00|856,68|||20250227||
BQ|Banque|BQ00069|20250108|607000|Achats de marchandises|||BQ012339|20250108|CB 05/02 FOURNISSEUR|1560,84|0,00|||20250108||
BQ|Banque|BQ00069|20250108|508000|Interets courus sur VMP|||BQ012339|20250108|CB 05/02 FOURNISSEUR|0,00|1560,84|||20250108||
BQ|Banque|BQ00070|20250725|626000|Frais postaux et de telecommunications|||BQ078101|20250725|CB 01/02 FOURNISSEUR|1076,05|0,00|||20250728||
BQ|Banque|BQ00070|20250725|511000|Valeurs a l'encaissement|||BQ078101|20250725|CB 01/02 FOURNISSEUR|0,00|1076,05|||20250728||
BQ|Banque|BQ00071|20250425|765000|Escomptes obtenus|||BQ044675|20250425|OPERATION BANCAIRE 02/02|176,44|0,00|||20250427||
BQ|Banque|BQ00071|20250425|281820|Amort. materiel de transport|||BQ044675|20250425|OPERATION BANCAIRE 02/02|0,00|176,44|||20250427||
BQ|Banque|BQ00072|20251001|751000|Redevances pour concessions, brevets, licences, etc.|||BQ107762|20251001|OPERATION BANCAIRE 27/01|324,18|0,00|||20251004||
BQ|Banque|BQ00072|20251001|213100|Constructions - Batiments|||BQ107762|20251001|OPERATION BANCAIRE 27/01|0,00|324,18|||20251004||
BQ|Banque|BQ00073|20250226|661000|Charges d'interets|||BQ028754|20250226|CB 17/01 FOURNISSEUR|651,72|0,00|||20250226||
BQ|Banque|BQ00073|20250226|487000|Produits constates d'avance|||BQ028754|20250226|CB 17/01 FOURNISSEUR|0,00|651,72|||20250226||
BQ|Banque|BQ00074|20250103|765000|Escomptes obtenus|||BQ017797|20250103|OPERATION BANCAIRE 08/01|1877,64|0,00|||20250107||
BQ|Banque|BQ00074|20250103|408400|Fournisseurs d'immobilisations - Factures non parvenues|||BQ017797|20250103|OPERATION BANCAIRE 08/01|0,00|1877,64|||20250107||
BQ|Banque|BQ00075|20250718|413000|Clients - Effets a recevoir|||BQ071807|20250718|OPERATION BANCAIRE 11/02|205,28|0,00|||20250720||
BQ|Banque|BQ00075|20250718|106100|Reserve legale|||BQ071807|20250718|OPERATION BANCAIRE 11/02|0,00|205,28|||20250720||
BQ|Banque|BQ00076|20250827|627000|Services bancaires et assimiles|||BQ081388|20250827|CB 06/01 FOURNISSEUR|1575,54|0,00|||20250828||
BQ|Banque|BQ00076|20250827|431000|Securite sociale|||BQ081388|20250827|CB 06/01 FOURNISSEUR|0,00|1575,54|||20250828||
BQ|Banque|BQ00077|20250714|411000|Clients|C00007|CLIENT ETA|BQ077852|20250714|OPERATION BANCAIRE 06/02|370,33|0,00|B3|20251214|20250714||
BQ|Banque|BQ00077|20250714|695000|Impots sur les benefices|||BQ077852|20250714|OPERATION BANCAIRE 06/02|0,00|370,33|||20250714||
BQ|Banque|BQ00078|20250613|751000|Redevances pour concessions, brevets, licences, etc.|||BQ068089|20250613|OPERATION BANCAIRE 02/01|674,49|0,00|||20250617||
BQ|Banque|BQ00078|20250613|611000|Sous-traitance generale|||BQ068089|20250613|OPERATION BANCAIRE 02/01|0,00|674,49|||20250617||
BQ|Banque|BQ00079|20251212|797000|Transferts de charges exceptionnelles|||BQ124513|20251212|OPERATION BANCAIRE 20/01|729,93|0,00|||20251212||
BQ|Banque|BQ00079|20251212|766000|Gains de change|||BQ124513|20251212|OPERATION BANCAIRE 20/01|0,00|729,93|||20251212||
BQ|Banque|BQ00080|20250422|408100|Fournisseurs - Factures non parvenues|||BQ045394|20250422|OPERATION BANCAIRE 12/01|193,64|0,00|||20250427||
BQ|Banque|BQ00080|20250422|781500|Reprises sur provisions pour risques et charges d'exploitation|||BQ045394|20250422|OPERATION BANCAIRE 12/01|0,00|193,64|||20250427||
BQ|Banque|BQ00081|20250807|606100|Electricite, gaz, eau|||BQ081181|20250807|CB 31/01 FOURNISSEUR|669,57|0,00|||20250810||
BQ|Banque|BQ00081|20250807|404000|Fournisseurs d'immobilisations|||BQ081181|20250807|CB 31/01 FOURNISSEUR|0,00|669,57|||20250810||
BQ|Banque|BQ00082|20250903|411000|Clients|C00003|CLIENT GAMMA|BQ099444|20250903|OPERATION BANCAIRE 21/02|7329,84|0,00|||20250905||
BQ|Banque|BQ00082|20250903|606100|Electricite, gaz, eau|||BQ099444|20250903|OPERATION BANCAIRE 21/02|0,00|7329,84|||20250905||
BQ|Banque|BQ00083|20251217|767000|Produits nets sur cessions de valeurs mobilieres de placement|||BQ122779|20251217|OPERATION BANCAIRE 31/01|795,42|0,00|||20251224||
BQ|Banque|BQ00083|20251217|408100|Fournisseurs - Factures non parvenues|||BQ122779|20251217|OPERATION BANCAIRE 31/01|0,00|795,42|||20251224||
BQ|Banque|BQ00084|20250721|626000|Frais postaux et de telecommunications|||BQ078974|20250721|CB 12/02 FOURNISSEUR|1883,90|0,00|||20250727||
BQ|Banque|BQ00084|20250721|445510|TVA a decaisser|||BQ078974|20250721|CB 12/02 FOURNISSEUR|0,00|1883,90|||20250727||
BQ|Banque|BQ00085|20250204|781740|Reprises sur provisions sur creances|||BQ022652|20250204|OPERATION BANCAIRE 24/02|1673,13|0,00|||20250211||
BQ|Banque|BQ00085|20250204|487000|Produits constates d'avance|||BQ022652|20250204|OPERATION BANCAIRE 24/02|0,00|1673,13|||20250211||
BQ|Banque|BQ00086|20251124|622700|Frais d'actes et de contentieux|||BQ114431|20251124|CB 08/02 FOURNISSEUR|1424,61|0,00|||20251128||
BQ|Banque|BQ00086|20251124|431000|Securite sociale|||BQ114431|20251124|CB 08/02 FOURNISSEUR|0,00|1424,61|||20251128||
BQ|Banque|BQ00087|20250820|720000|Production immobilisee|||BQ082621|20250820|OPERATION BANCAIRE 17/02|1145,12|0,00|||20250823||
BQ|Banque|BQ00087|20250820|408100|Fournisseurs - Factures non parvenues|||BQ082621|20250820|OPERATION BANCAIRE 17/02|0,00|1145,12|||20250823||
BQ|Banque|BQ00088|20250123|621000|Personnel exterieur a l'entreprise|||BQ014344|20250123|CB 07/01 FOURNISSEUR|1016,48|0,00|||20250130||
BQ|Banque|BQ00088|20250123|467000|Autres comptes debiteurs ou crediteurs|||BQ014344|20250123|CB 07/01 FOURNISSEUR|0,00|1016,48|||20250130||
BQ|Banque|BQ00089|20250308|658000|Charges diverses de gestion courante|||BQ033152|20250305|CB 02/01 FOURNISSEUR|1901,42|0,00|||20250309||
BQ|Banque|BQ00089|20250305|437000|Autres organismes sociaux|||BQ033152|20250305|CB 02/01 FOURNISSEUR|0,00|1901,42|||20250309||
BQ|Banque|BQ00090|20250923|635000|Autres impots, taxes et versements assimiles|||BQ098633|20250923|CB 22/01 FOURNISSEUR|1155,34|0,00|||20250926||
BQ|Banque|BQ00090|20250923|511000|Valeurs a l'encaissement|||BQ098633|20250923|CB 22/01 FOURNISSEUR|0,00|1155,34|||20250926||
BQ|Banque|BQ00091|20250725|611000|Sous-traitance generale|||BQ071481|20250725|CB 08/01 FOURNISSEUR|316,89|0,00|||20250727||
BQ|Banque|BQ00091|20250725|471000|Compte d'attente|||BQ071481|20250725|CB 08/01 FOURNISSEUR|0,00|316,89|||20250727||
BQ|Banque|BQ00092|20250523|602100|Achats de matieres consommables|||BQ059441|20250523|CB 03/02 FOURNISSEUR|1826,02|0,00|||20250525||
BQ|Banque|BQ00092|20250523|445710|TVA collectee a payer|||BQ059441|20250523|CB 03/02 FOURNISSEUR|0,00|1826,02|||20250525||
BQ|Banque|BQ00093|20250919|517000|Autres organismes financiers|||BQ091248|20250919|VIREMENT 24/02 REF 88902380|926,81|0,00|||20250922||
BQ|Banque|BQ00093|20250920|218400|Mobilier|||BQ091248|20250919|VIREMENT 24/02 REF 88902380|0,00|926,81|||20250922||
BQ|Banque|BQ00094|20250204|518700|Interets courus a recevoir|||BQ024279|20250204|VIREMENT 27/01 REF 75372067|86,85|0,00|||20250208||
BQ|Banque|BQ00094|20250204|695000|Impots sur les benefices|||BQ024279|20250204|VIREMENT 27/01 REF 75372067|0,00|86,85|||20250208||
BQ|Banque|BQ00095|20251003|403000|Fournisseurs - Effets a payer|||BQ102825|20251003|OPERATION BANCAIRE 13/02|316,78|0,00|||20251008||
BQ|Banque|BQ00095|20251003|708500|Ports et frais accessoires factures|||BQ102825|20251003|OPERATION BANCAIRE 13/02|0,00|316,78|||20251008||
BQ|Banque|BQ00096|20250421|664000|Pertes sur cessions de valeurs mobilieres de placement|||BQ045589|20250421|CB 14/01 FOURNISSEUR|1244,23|0,00|||20250425||
BQ|Banque|BQ00096|20250421|590000|Depreciation des valeurs mobilieres de placement|||BQ045589|20250421|CB 14/01 FOURNISSEUR|0,00|1244,23|||20250425||
BQ|Banque|BQ00097|20250515|675000|Valeurs comptables des elements d'actif cedes|||BQ057572|20250515|CB 12/01 FOURNISSEUR|1092,69|0,00|||20250520||
BQ|Banque|BQ00097|20250515|444000|Etat - Impots sur les benefices|||BQ057572|20250515|CB 12/01 FOURNISSEUR|0,00|1092,69|||20250520||
BQ|Banque|BQ00098|20250207|618500|Frais de colloques, seminaires, conferences|||BQ026598|20250207|CB 10/02 FOURNISSEUR|956,05|0,00|||20250207||
BQ|Banque|BQ00098|20250207|471000|Compte d'attente|||BQ026598|20250207|CB 10/02 FOURNISSEUR|0,00|956,05|||20250207||
BQ|Banque|BQ00099|20250910|777000|Quote-part des subventions d'investissement viree au resultat|||BQ099562|20250910|OPERATION BANCAIRE 07/01|829,08|0,00|||20250917||
BQ|Banque|BQ00099|20250910|681500|Dot. provisions pour risques et charges d'exploitation|||BQ099562|20250910|OPERATION BANCAIRE 07/01|0,00|829,08|||20250917||
BQ|Banque|BQ00100|20250303|665000|Escomptes accordes|||BQ031739|20250303|CB 09/02 FOURNISSEUR|512,42|0,00|||20250309||
BQ|Banque|BQ00100|20250303|445860|TVA sur factures non parvenues|||BQ031739|20250303|CB 09/02 FOURNISSEUR|0,00|512,42|||20250309||
BQ|Banque|BQ00101|20250117|530000|Caisse|||BQ012852|20250117|VIREMENT 06/02 REF 44806801|265,02|0,00|||20250121||
BQ|Banque|BQ00101|20250117|211000|Terrains|||BQ012852|20250117|VIREMENT 06/02 REF 44806801|0,00|265,02|||20250121||
BQ|Banque|BQ00102|20250801|615600|Maintenance|||BQ083900|20250801|CB 11/02 FOURNISSEUR|175,43|0,00|||20250808||
BQ|Banque|BQ00102|20250801|514000|Cheques postaux|||BQ083900|20250801|CB 11/02 FOURNISSEUR|0,00|175,43|||20250808||
BQ|Banque|BQ00103|20251020|616000|Primes d'assurance|||BQ108894|20251020|CB 22/02 FOURNISSEUR|775,82|0,00|||20251020||
BQ|Banque|BQ00103|20251020|512100|Banque secondaire|||BQ108894|20251020|CB 22/02 FOURNISSEUR|0,00|775,82|||20251020||
CA|Caisse|CA00001|20250624|487000|Produits constates d'avance|||CA063098|20250624|OPERATION DIVERSE 14/01/2025|679,65|0,00|||20250627||
CA|Caisse|CA00001|20250624|623400|Cadeaux a la clientele|||CA063098|20250624|OPERATION DIVERSE 14/01/2025|0,00|679,65|||20250627||
CA|Caisse|CA00002|20250416|740000|Subventions d'exploitation|||CA042772|20250416|OPERATION DIVERSE 25/01/2025|135,20|0,00|||20250423||
CA|Caisse|CA00002|20250416|468600|Charges a payer|||CA042772|20250416|OPERATION DIVERSE 25/01/2025|0,00|135,20|||20250423||
CA|Caisse|CA00003|20250108|740000|Subventions d'exploitation|||CA018648|20250108|OPERATION DIVERSE 18/02/2025|618,60|0,00|||20250114||
CA|Caisse|CA00003|20250108|427000|Personnel - Oppositions|||CA018648|20250108|OPERATION DIVERSE 18/02/2025|0,00|618,60|||20250114||
CA|Caisse|CA00004|20251225|762000|Produits des autres immobilisations financieres|||CA129315|20251225|OPERATION DIVERSE 05/01/2025|505,92|0,00|||20251230||
CA|Caisse|CA00004|20251225|618100|Documentation generale|||CA129315|20251225|OPERATION DIVERSE 05/01/2025|0,00|505,92|||20251230||
CA|Caisse|CA00005|20251201|791000|Transferts de charges d'exploitation|||CA122019|20251201|OPERATION DIVERSE 05/02/2025|630,03|0,00|||20251202||
CA|Caisse|CA00005|20251201|701000|Ventes de produits finis|||CA122019|20251201|OPERATION DIVERSE 05/02/2025|0,00|630,03|||20251202||
CA|Caisse|CA00006|20250613|671000|Charges exceptionnelles sur operations de gestion|||CA066913|20250613|OPERATION DIVERSE 22/02/2025|700,29|0,00|||20250620||
CA|Caisse|CA00006|20250613|486000|Charges constatees d'avance|||CA066913|20250613|OPERATION DIVERSE 22/02/2025|0,00|700,29|||20250620||
CA|Caisse|CA00007|20250425|623000|Publicite, publications, relations publiques|||CA048609|20250425|OPERATION DIVERSE 13/02/2025|1272,21|0,00|||20250502||
CA|Caisse|CA00007|20250425|421000|Personnel - Remunerations dues|||CA048609|20250425|OPERATION DIVERSE 13/02/2025|0,00|1272,21|||20250502||
CA|Caisse|CA00008|20250228|511000|Valeurs a l'encaissement|||CA023341|20250228|OPERATION DIVERSE 22/02/2025|433,80|0,00|||20250304||
CA|Caisse|CA00008|20250228|500000|Valeurs mobilieres de placement|||CA023341|20250228|OPERATION DIVERSE 22/02/2025|0,00|433,80|||20250304||
CA|Caisse|CA00009|20251010|500000|Valeurs mobilieres de placement|||CA104173|20251010|OPERATION DIVERSE 27/02/2025|815,32|0,00|||20251017||
CA|Caisse|CA00009|20251010|281540|Amort. materiel industriel|||CA104173|20251010|OPERATION DIVERSE 27/02/2025|0,00|815,32|||20251017||
CA|Caisse|CA00010|20250326|661000|Charges d'interets|||CA035608|20250326|OPERATION DIVERSE 21/02/2025|142,64|0,00|||20250327||
CA|Caisse|CA00010|20250326|468600|Charges a payer|||CA035608|20250326|OPERATION DIVERSE 21/02/2025|0,00|142,64|||20250327||
CA|Caisse|CA00011|20250804|606100|Electricite, gaz, eau|||CA085055|20250804|OPERATION DIVERSE 02/02/2025|1156,01|0,00|||20250805||
CA|Caisse|CA00011|20250804|471000|Compte d'attente|||CA085055|20250804|OPERATION DIVERSE 02/02/2025|0,00|1156,01|||20250805||
CA|Caisse|CA00012|20250307|280500|Amort. logiciels|||CA034830|20250307|OPERATION DIVERSE 18/01/2025|14640,90|0,00|||20250311||
CA|Caisse|CA00012|20250307|404000|Fournisseurs d'immobilisations|||CA034830|20250307|OPERATION DIVERSE 18/01/2025|0,00|14640,90|||20250311||
CA|Caisse|CA00013|20250802|645000|Charges de securite sociale et de prevoyance|||CA089289|20250801|OPERATION DIVERSE 29/01/2025|1985,07|0,00|||20250802||
CA|Caisse|CA00013|20250801|404000|Fournisseurs d'immobilisations|||CA089289|20250801|OPERATION DIVERSE 29/01/2025|0,00|1985,07|||20250802||
CA|Caisse|CA00014|20250213|798000|Integration fiscale - Produits|||CA022760|20250213|OPERATION DIVERSE 07/02/2025|222,95|0,00|||20250215||
CA|Caisse|CA00014|20250213|530000|Caisse|||CA022760|20250213|OPERATION DIVERSE 07/02/2025|0,00|222,95|||20250215||
CA|Caisse|CA00015|20251030|686500|Dot. provisions pour risques et charges financiers|||CA106530|20251030|OPERATION DIVERSE 11/01/2025|1023,37|0,00|||20251031||
CA|Caisse|CA00015|20251030|580000|Virements internes|||CA106530|20251030|OPERATION DIVERSE 11/01/2025|0,00|1023,37|||20251031||
CA|Caisse|CA00016|20250728|618500|Frais de colloques, seminaires, conferences|||CA079109|20250728|OPERATION DIVERSE 21/01/2025|81,14|0,00|||20250803||
CA|Caisse|CA00016|20250728|445520|TVA due intracommunautaire|||CA079109|20250728|OPERATION DIVERSE 21/01/2025|0,00|81,14|||20250803||
CA|Caisse|CA00017|20250517|120000|Resultat de l'exercice|||CA056193|20250512|OPERATION DIVERSE 12/02/2025|327,20|0,00|||20250512||
CA|Caisse|CA00017|20250512|641000|Remunerations du personnel|||CA056193|20250512|OPERATION DIVERSE 12/02/2025|0,00|327,20|||20250512||
CA|Caisse|CA00018|20250905|281810|Amort. installations generales|||CA093190|20250905|OPERATION DIVERSE 23/01/2025|818,07|0,00|||20250909||
CA|Caisse|CA00018|20250905|512100|Banque secondaire|||CA093190|20250905|OPERATION DIVERSE 23/01/2025|0,00|818,07|||20250909||
CA|Caisse|CA00019|20251226|218400|Mobilier|||CA126181|20251226|OPERATION DIVERSE 03/02/2025|17787,26|0,00|||20251230||
CA|Caisse|CA00019|20251226|404000|Fournisseurs d'immobilisations|||CA126181|20251226|OPERATION DIVERSE 03/02/2025|0,00|17787,26|||20251230||
CA|Caisse|CA00020|20250627|218300|Materiel de bureau et informatique|||CA061391|20250627|OPERATION DIVERSE 16/01/2025|16236,30|0,00|||20250703||
CA|Caisse|CA00020|20250627|404000|Fournisseurs d'immobilisations|||CA061391|20250627|OPERATION DIVERSE 16/01/2025|0,00|16236,30|||20250703||
CA|Caisse|CA00021|20250516|428200|Personnel - Conges payes|||CA055996|20250516|OPERATION DIVERSE 04/01/2025|120,42|0,00|||20250521||
CA|Caisse|CA00021|20250516|355000|Produits finis (groupe)|||CA055996|20250516|OPERATION DIVERSE 04/01/2025|0,00|120,42|||20250521||
CA|Caisse|CA00022|20251126|428200|Personnel - Conges payes|||CA112851|20251126|OPERATION DIVERSE 26/01/2025|332,20|0,00|||20251129||
CA|Caisse|CA00022|20251126|500000|Valeurs mobilieres de placement|||CA112851|20251126|OPERATION DIVERSE 26/01/2025|0,00|332,20|||20251129||
CA|Caisse|CA00023|20250718|106800|Autres reserves|||CA072796|20250718|OPERATION DIVERSE 25/02/2025|981,29|0,00|||20250721||
CA|Caisse|CA00023|20250718|445860|TVA sur factures non parvenues|||CA072796|20250718|OPERATION DIVERSE 25/02/2025|0,00|981,29|||20250721||
CA|Caisse|CA00024|20251118|355000|Produits finis (groupe)|||CA111371|20251118|OPERATION DIVERSE 23/01/2025|819,73|0,00|||20251118||
CA|Caisse|CA00024|20251118|763000|Revenus des autres creances|||CA111371|20251118|OPERATION DIVERSE 23/01/2025|0,00|819,73|||20251118||
CA|Caisse|CA00025|20250630|720000|Production immobilisee|||CA066094|20250630|OPERATION DIVERSE 03/01/2025|258,22|0,00|||20250705||
CA|Caisse|CA00025|20250630|281820|Amort. materiel de transport|||CA066094|20250630|OPERATION DIVERSE 03/01/2025|0,00|258,22|||20250705||
CA|Caisse|CA00026|20250116|698000|Integration fiscale - Charges|||CA017305|20250116|OPERATION DIVERSE 01/02/2025|43,06|0,00|||20250118||
CA|Caisse|CA00026|20250116|512000|Banque principale|||CA017305|20250116|OPERATION DIVERSE 01/02/2025|0,00|43,06|||20250118||
CA|Caisse|CA00027|20251119|419100|Clients - Avances et acomptes recus|||CA114630|20251119|OPERATION DIVERSE 31/01/2025|745,25|0,00|||20251120||
CA|Caisse|CA00027|20251119|281840|Amort. mobilier|||CA114630|20251119|OPERATION DIVERSE 31/01/2025|0,00|745,25|||20251120||
CA|Caisse|CA00028|20250425|445660|TVA deductible sur ABS|||CA048730|20250425|OPERATION DIVERSE 15/02/2025|890,49|0,00|||20250428||
CA|Caisse|CA00028|20250425|798000|Integration fiscale - Produits|||CA048730|20250425|OPERATION DIVERSE 15/02/2025|0,00|890,49|||20250428||
CA|Caisse|CA00029|20251002|613200|Locations immobilieres|||CA108409|20251002|OPERATION DIVERSE 22/01/2025|1273,55|0,00|||20251002||
CA|Caisse|CA00029|20251002|514000|Cheques postaux|||CA108409|20251002|OPERATION DIVERSE 22/01/2025|0,00|1273,55|||20251002||
CA|Caisse|CA00030|20250612|165000|Depots et cautionnements recus|||CA067862|20250612|OPERATION DIVERSE 15/02/2025|104,56|0,00|||20250613||
CA|Caisse|CA00030|20250612|791000|Transferts de charges d'exploitation|||CA067862|20250612|OPERATION DIVERSE 15/02/2025|0,00|104,56|||20250613||
CA|Caisse|CA00031|20251110|687000|Dot. amort. et provisions exceptionnels|||CA114410|20251110|OPERATION DIVERSE 03/01/2025|487,80|0,00|||20251111||
CA|Caisse|CA00031|20251110|487000|Produits constates d'avance|||CA114410|20251110|OPERATION DIVERSE 03/01/2025|0,00|487,80|||20251111||
CA|Caisse|CA00032|20250409|218400|Mobilier|||CA044512|20250409|OPERATION DIVERSE 14/02/2025|16198,53|0,00|||20250411||
CA|Caisse|CA00032|20250409|512000|Banque principale|||CA044512|20250409|OPERATION DIVERSE 14/02/2025|0,00|16198,53|||20250411||
CA|Caisse|CA00033|20250625|350000|Produits finis|||CA069380|20250625|OPERATION DIVERSE 22/01/2025|381,66|0,00|||20250630||
CA|Caisse|CA00033|20250625|444000|Etat - Impots sur les benefices|||CA069380|20250625|OPERATION DIVERSE 22/01/2025|0,00|381,66|||20250630||
CA|Caisse|CA00034|20250513|120000|Resultat de l'exercice|||CA051968|20250513|OPERATION DIVERSE 28/01/2025|231,94|0,00|||20250520||
CA|Caisse|CA00034|20250513|500000|Valeurs mobilieres de placement|||CA051968|20250513|OPERATION DIVERSE 28/01/2025|0,00|231,94|||20250520||
CA|Caisse|CA00035|20250204|645000|Charges de securite sociale et de prevoyance|||CA029758|20250204|OPERATION DIVERSE 04/02/2025|1728,22|0,00|||20250209||
CA|Caisse|CA00035|20250204|511000|Valeurs a l'encaissement|||CA029758|20250204|OPERATION DIVERSE 04/02/2025|0,00|1728,22|||20250209||
CA|Caisse|CA00036|20250205|618100|Documentation generale|||CA022963|20250205|OPERATION DIVERSE 21/01/2025|1917,44|0,00|||20250210||
CA|Caisse|CA00036|20250205|512100|Banque secondaire|||CA022963|20250205|OPERATION DIVERSE 21/01/2025|0,00|1917,44|||20250210||
CA|Caisse|CA00037|20250317|444000|Etat - Impots sur les benefices|||CA038708|20250317|OPERATION DIVERSE 29/01/2025|162,98|0,00|||20250324||
CA|Caisse|CA00037|20250317|786500|Reprises sur provisions pour risques et charges financiers|||CA038708|20250317|OPERATION DIVERSE 29/01/2025|0,00|162,98|||20250324||
CA|Caisse|CA00038|20250307|409100|Fournisseurs - Avances et acomptes verses|||CA038109|20250307|OPERATION DIVERSE 13/01/2025|931,65|0,00|||20250309||
CA|Caisse|CA00038|20250307|627000|Services bancaires et assimiles|||CA038109|20250307|OPERATION DIVERSE 13/01/2025|0,00|931,65|||20250309||
CA|Caisse|CA00039|20250328|606800|Autres matieres et fournitures|||CA039231|20250328|OPERATION DIVERSE 19/01/2025|1013,73|0,00|||20250328||
CA|Caisse|CA00039|20250328|445710|TVA collectee a payer|||CA039231|20250328|OPERATION DIVERSE 19/01/2025|0,00|1013,73|||20250328||
CA|Caisse|CA00040|20250930|627000|Services bancaires et assimiles|||CA091871|20250930|OPERATION DIVERSE 23/02/2025|1662,39|0,00|||20251002||
CA|Caisse|CA00040|20250930|425000|Personnel - Avances et acomptes|||CA091871|20250930|OPERATION DIVERSE 23/02/2025|0,00|1662,39|||20251002||
CA|Caisse|CA00041|20250822|106100|Reserve legale|||CA088908|20250822|OPERATION DIVERSE 17/02/2025|635,97|0,00|||20250826||
CA|Caisse|CA00041|20250822|606800|Autres matieres et fournitures|||CA088908|20250822|OPERATION DIVERSE 17/02/2025|0,00|635,97|||20250826||
CA|Caisse|CA00042|20250530|767000|Produits nets sur cessions de valeurs mobilieres de placement|||CA058603|20250530|OPERATION DIVERSE 02/01/2025|1275,45|0,00|||20250605||
CA|Caisse|CA00042|20250530|418100|Clients - Factures a etablir|||CA058603|20250530|OPERATION DIVERSE 02/01/2025|0,00|1275,45|||20250605||
CA|Caisse|CA00043|20250325|211000|Terrains|||CA038582|20250325|OPERATION DIVERSE 22/01/2025|18240,05|0,00|||20250325||
CA|Caisse|CA00043|20250325|512100|Banque secondaire|||CA038582|20250325|OPERATION DIVERSE 22/01/2025|0,00|18240,05|||20250325||
CA|Caisse|CA00044|20250314|645000|Charges de securite sociale et de prevoyance|||CA033182|20250314|OPERATION DIVERSE 26/01/2025|672,83|0,00|||20250320||
CA|Caisse|CA00044|20250314|468600|Charges a payer|||CA033182|20250314|OPERATION DIVERSE 26/01/2025|0,00|672,83|||20250320||
CA|Caisse|CA00045|20250217|438200|Charges sociales sur conges a payer|||CA027490|20250217|OPERATION DIVERSE 29/01/2025|452,53|0,00|||20250222||
CA|Caisse|CA00045|20250217|213100|Constructions - Batiments|||CA027490|20250217|OPERATION DIVERSE 29/01/2025|0,00|452,53|||20250222||
CA|Caisse|CA00046|20250113|311000|Matieres premieres|||CA013121|20250113|OPERATION DIVERSE 20/01/2025|70,75|0,00|||20250118||
CA|Caisse|CA00046|20250113|468600|Charges a payer|||CA013121|20250113|OPERATION DIVERSE 20/01/2025|0,00|70,75|||20250118||
CA|Caisse|CA00047|20250620|421000|Personnel - Remunerations dues|||CA063727|20250620|OPERATION DIVERSE 24/01/2025|159,29|0,00|||20250620||
CA|Caisse|CA00047|20250620|413000|Clients - Effets a recevoir|||CA063727|20250620|OPERATION DIVERSE 24/01/2025|0,00|159,29|||20250620||
CA|Caisse|CA00048|20251219|766000|Gains de change|||CA129679|20251219|OPERATION DIVERSE 15/02/2025|334,36|0,00|||20251224||
CA|Caisse|CA00048|20251220|215400|Materiel industriel|||CA129679|20251219|OPERATION DIVERSE 15/02/2025|0,00|334,36|||20251224||
CA|Caisse|CA00049|20250606|370000|Marchandises|||CA067843|20250606|OPERATION DIVERSE 18/02/2025|254,37|0,00|||20250610||
CA|Caisse|CA00049|20250606|615500|Entretien et reparations sur biens mobiliers|||CA067843|20250606|OPERATION DIVERSE 18/02/2025|0,00|254,37|||20250610||
CA|Caisse|CA00050|20250812|413000|Clients - Effets a recevoir|||CA087270|20250812|OPERATION DIVERSE 21/01/2025|594,10|0,00|||20250817||
CA|Caisse|CA00050|20250812|606100|Electricite, gaz, eau|||CA087270|20250812|OPERATION DIVERSE 21/01/2025|0,00|594,10|||20250817||
CA|Caisse|CA00051|20250717|508000|Interets courus sur VMP|||CA077531|20250717|OPERATION DIVERSE 19/02/2025|575,31|0,00|||20250718||
CA|Caisse|CA00051|20250717|281820|Amort. materiel de transport|||CA077531|20250717|OPERATION DIVERSE 19/02/2025|0,00|575,31|||20250718||
CA|Caisse|CA00052|20250730|675000|Valeurs comptables des elements d'actif cedes|||CA072609|20250730|OPERATION DIVERSE 24/01/2025|270,35|0,00|||20250805||
CA|Caisse|CA00052|20250730|445660|TVA deductible sur ABS|||CA072609|20250730|OPERATION DIVERSE 24/01/2025|0,00|270,35|||20250805||
CA|Caisse|CA00053|20250805|447100|Autres impots, taxes et versements assimiles|||CA081582|20250805|OPERATION DIVERSE 21/01/2025|716,91|0,00|||20250807||
CA|Caisse|CA00053|20250805|781740|Reprises sur provisions sur creances|||CA081582|20250805|OPERATION DIVERSE 21/01/2025|0,00|716,91|||20250807||
CA|Caisse|CA00054|20250516|508000|Interets courus sur VMP|||CA056024|20250516|OPERATION DIVERSE 02/01/2025|87,28|0,00|||20250522||
CA|Caisse|CA00054|20250516|695000|Impots sur les benefices|||CA056024|20250516|OPERATION DIVERSE 02/01/2025|0,00|87,28|||20250522||
CA|Caisse|CA00055|20250321|635000|Autres impots, taxes et versements assimiles|||CA033280|20250321|OPERATION DIVERSE 17/02/2025|1441,89|0,00|||20250325||
CA|Caisse|CA00055|20250321|518700|Interets courus a recevoir|||CA033280|20250321|OPERATION DIVERSE 17/02/2025|0,00|1441,89|||20250325||
CA|Caisse|CA00056|20250829|281820|Amort. materiel de transport|||CA088409|20250829|OPERATION DIVERSE 01/01/2025|3880,07|0,00|||20250904||
CA|Caisse|CA00056|20250829|512100|Banque secondaire|||CA088409|20250829|OPERATION DIVERSE 01/01/2025|0,00|3880,07|||20250904||
CA|Caisse|CA00057|20250221|370000|Marchandises|||CA021689|20250221|OPERATION DIVERSE 14/01/2025|665,78|0,00|||20250224||
CA|Caisse|CA00057|20250221|218400|Mobilier|||CA021689|20250221|OPERATION DIVERSE 14/01/2025|0,00|665,78|||20250224||
CA|Caisse|CA00058|20251117|635000|Autres impots, taxes et versements assimiles|||CA111419|20251117|OPERATION DIVERSE 01/01/2025|1163,60|0,00|||20251119||
CA|Caisse|CA00058|20251117|467000|Autres comptes debiteurs ou crediteurs|||CA111419|20251117|OPERATION DIVERSE 01/01/2025|0,00|1163,60|||20251119||
CA|Caisse|CA00059|20250926|207000|Fonds commercial|||CA098307|20250926|OPERATION DIVERSE 23/02/2025|3892,38|0,00|||20250930||
CA|Caisse|CA00059|20250926|404000|Fournisseurs d'immobilisations|||CA098307|20250926|OPERATION DIVERSE 23/02/2025|0,00|3892,38|||20250930||
CA|Caisse|CA00060|20251222|607000|Achats de marchandises|||CA121422|20251222|OPERATION DIVERSE 13/02/2025|767,60|0,00|||20251227||
CA|Caisse|CA00060|20251222|451000|Groupe|||CA121422|20251222|OPERATION DIVERSE 13/02/2025|0,00|767,60|||20251227||
CA|Caisse|CA00061|20250916|168800|Interets courus sur emprunts|||CA095557|20250916|OPERATION DIVERSE 13/02/2025|381,57|0,00|||20250917||
CA|Caisse|CA00061|20250916|798000|Integration fiscale - Produits|||CA095557|20250916|OPERATION DIVERSE 13/02/2025|0,00|381,57|||20250917||
CA|Caisse|CA00062|20251017|665000|Escomptes accordes|||CA106297|20251017|OPERATION DIVERSE 21/01/2025|108,39|0,00|||20251023||
CA|Caisse|CA00062|20251017|437000|Autres organismes sociaux|||CA106297|20251017|OPERATION DIVERSE 21/01/2025|0,00|108,39|||20251023||
CA|Caisse|CA00063|20250221|590000|Depreciation des valeurs mobilieres de placement|||CA024655|20250221|OPERATION DIVERSE 25/01/2025|746,89|0,00|||20250223||
CA|Caisse|CA00063|20250221|218100|Installations generales, agencements divers|||CA024655|20250221|OPERATION DIVERSE 25/01/2025|0,00|746,89|||20250223||
CA|Caisse|CA00064|20251031|751000|Redevances pour concessions, brevets, licences, etc.|||CA105241|20251031|OPERATION DIVERSE 12/01/2025|1073,08|0,00|||20251031||
CA|Caisse|CA00064|20251031|766000|Gains de change|||CA105241|20251031|OPERATION DIVERSE 12/01/2025|0,00|1073,08|||20251031||
CA|Caisse|CA00065|20250506|623100|Annonces et insertions|||CA053094|20250506|OPERATION DIVERSE 30/01/2025|305,64|0,00|||20250507||
CA|Caisse|CA00065|20250506|486000|Charges constatees d'avance|||CA053094|20250506|OPERATION DIVERSE 30/01/2025|0,00|305,64|||20250507||
CA|Caisse|CA00066|20250103|612000|Redevances de credit-bail|||CA018328|20250103|OPERATION DIVERSE 15/01/2025|1328,12|0,00|||20250108||
CA|Caisse|CA00066|20250103|518100|Interets courus a payer|||CA018328|20250103|OPERATION DIVERSE 15/01/2025|0,00|1328,12|||20250108||
CA|Caisse|CA00067|20250117|698000|Integration fiscale - Charges|||CA019061|20250117|OPERATION DIVERSE 21/02/2025|961,71|0,00|||20250121||
CA|Caisse|CA00067|20250117|445710|TVA collectee a payer|||CA019061|20250117|OPERATION DIVERSE 21/02/2025|0,00|961,71|||20250121||
CA|Caisse|CA00068|20250905|445860|TVA sur factures non parvenues|||CA095395|20250905|OPERATION DIVERSE 15/02/2025|587,86|0,00|||20250908||
CA|Caisse|CA00068|20250905|796000|Transferts de charges financieres|||CA095395|20250905|OPERATION DIVERSE 15/02/2025|0,00|587,86|||20250908||
CA|Caisse|CA00069|20250606|321000|Matieres consommables|||CA062619|20250606|OPERATION DIVERSE 07/01/2025|616,78|0,00|||20250609||
CA|Caisse|CA00069|20250606|404000|Fournisseurs d'immobilisations|||CA062619|20250606|OPERATION DIVERSE 07/01/2025|0,00|616,78|||20250609||
CA|Caisse|CA00070|20251212|647000|Autres charges sociales|||CA126527|20251212|OPERATION DIVERSE 27/01/2025|887,06|0,00|||20251219||
CA|Caisse|CA00070|20251212|428200|Personnel - Conges payes|||CA126527|20251212|OPERATION DIVERSE 27/01/2025|0,00|887,06|||20251219||
CA|Caisse|CA00071|20250207|708500|Ports et frais accessoires factures|||CA026958|20250207|OPERATION DIVERSE 26/02/2025|1870,68|0,00|||20250207||
CA|Caisse|CA00071|20250207|767000|Produits nets sur cessions de valeurs mobilieres de placement|||CA026958|20250207|OPERATION DIVERSE 26/02/2025|0,00|1870,68|||20250207||
CA|Caisse|CA00072|20250509|168800|Interets courus sur emprunts|||CA051813|20250509|OPERATION DIVERSE 18/01/2025|38,74|0,00|||20250516||
CA|Caisse|CA00072|20250509|418100|Clients - Factures a etablir|||CA051813|20250509|OPERATION DIVERSE 18/01/2025|0,00|38,74|||20250516||
CA|Caisse|CA00073|20250321|213100|Constructions - Batiments|||CA034979|20250321|OPERATION DIVERSE 21/01/2025|5987,71|0,00|||20250323||
CA|Caisse|CA00073|20250321|512100|Banque secondaire|||CA034979|20250321|OPERATION DIVERSE 21/01/2025|0,00|5987,71|||20250323||
CA|Caisse|CA00074|20250418|425000|Personnel - Avances et acomptes|||CA042835|20250418|OPERATION DIVERSE 28/01/2025|888,02|0,00|||20250418||
CA|Caisse|CA00074|20250418|720000|Production immobilisee|||CA042835|20250418|OPERATION DIVERSE 28/01/2025|0,00|888,02|||20250418||
CA|Caisse|CA00075|20250829|798000|Integration fiscale - Produits|||CA088137|20250829|OPERATION DIVERSE 16/02/2025|130,42|0,00|||20250903||
CA|Caisse|CA00075|20250829|633000|Impots, taxes et versements assimiles sur remunerations (autres organismes)|||CA088137|20250829|OPERATION DIVERSE 16/02/2025|0,00|130,42|||20250903||
CA|Caisse|CA00076|20250620|613500|Locations mobilieres|||CA064447|20250620|OPERATION DIVERSE 12/02/2025|361,09|0,00|||20250620||
CA|Caisse|CA00076|20250620|451000|Groupe|||CA064447|20250620|OPERATION DIVERSE 12/02/2025|0,00|361,09|||20250620||
CA|Caisse|CA00077|20250905|708500|Ports et frais accessoires factures|||CA094862|20250905|OPERATION DIVERSE 03/02/2025|113,73|0,00|||20250907||
CA|Caisse|CA00077|20250905|623100|Annonces et insertions|||CA094862|20250905|OPERATION DIVERSE 03/02/2025|0,00|113,73|||20250907||
CA|Caisse|CA00078|20250214|602260|Achats d'emballages|||CA027738|20250214|OPERATION DIVERSE 20/01/2025|365,89|0,00|||20250217||
CA|Caisse|CA00078|20250214|511000|Valeurs a l'encaissement|||CA027738|20250214|OPERATION DIVERSE 20/01/2025|0,00|365,89|||20250217||
CA|Caisse|CA00079|20251128|409100|Fournisseurs - Avances et acomptes verses|||CA112790|20251128|OPERATION DIVERSE 06/01/2025|203,49|0,00|||20251202||
CA|Caisse|CA00079|20251128|615200|Entretien et reparations sur biens immobiliers|||CA112790|20251128|OPERATION DIVERSE 06/01/2025|0,00|203,49|||20251202||
CA|Caisse|CA00080|20250811|445860|TVA sur factures non parvenues|||CA085202|20250811|OPERATION DIVERSE 14/02/2025|364,31|0,00|||20250817||
CA|Caisse|CA00080|20250811|151000|Provisions pour risques|||CA085202|20250811|OPERATION DIVERSE 14/02/2025|0,00|364,31|||20250817||
CA|Caisse|CA00081|20250908|606800|Autres matieres et fournitures|||CA095050|20250908|OPERATION DIVERSE 10/02/2025|1901,68|0,00|||20250910||
CA|Caisse|CA00081|20250908|419100|Clients - Avances et acomptes recus|||CA095050|20250908|OPERATION DIVERSE 10/02/2025|0,00|1901,68|||20250910||
CA|Caisse|CA00082|20250530|211000|Terrains|||CA056402|20250530|OPERATION DIVERSE 12/01/2025|4768,14|0,00|||20250605||
CA|Caisse|CA00082|20250530|512100|Banque secondaire|||CA056402|20250530|OPERATION DIVERSE 12/01/2025|0,00|4768,14|||20250605||
CA|Caisse|CA00083|20250117|615500|Entretien et reparations sur biens mobiliers|||CA011931|20250117|OPERATION DIVERSE 04/01/2025|667,63|0,00|||20250119||
CA|Caisse|CA00083|20250117|590000|Depreciation des valeurs mobilieres de placement|||CA011931|20250117|OPERATION DIVERSE 04/01/2025|0,00|667,63|||20250119||
CA|Caisse|CA00084|20251128|612000|Redevances de credit-bail|||CA112316|20251128|OPERATION DIVERSE 13/01/2025|1191,82|0,00|||20251203||
CA|Caisse|CA00084|20251128|447100|Autres impots, taxes et versements assimiles|||CA112316|20251128|OPERATION DIVERSE 13/01/2025|0,00|1191,82|||20251203||
CA|Caisse|CA00085|20250303|218400|Mobilier|||CA037066|20250303|OPERATION DIVERSE 16/01/2025|11412,37|0,00|||20250307||
CA|Caisse|CA00085|20250303|404000|Fournisseurs d'immobilisations|||CA037066|20250303|OPERATION DIVERSE 16/01/2025|0,00|11412,37|||20250307||
CA|Caisse|CA00086|20251017|675000|Valeurs comptables des elements d'actif cedes|||CA102158|20251017|OPERATION DIVERSE 25/02/2025|1506,00|0,00|||20251023||
CA|Caisse|CA00086|20251017|514000|Cheques postaux|||CA102158|20251017|OPERATION DIVERSE 25/02/2025|0,00|1506,00|||20251023||
CA|Caisse|CA00087|20250124|106100|Reserve legale|||CA014884|20250124|OPERATION DIVERSE 26/02/2025|28,92|0,00|||20250129||
CA|Caisse|CA00087|20250124|131800|Autres subventions d'investissement|||CA014884|20250124|OPERATION DIVERSE 26/02/2025|0,00|28,92|||20250129||
CA|Caisse|CA00088|20250717|231000|Immobilisations corporelles en cours|||CA074995|20250717|OPERATION DIVERSE 05/01/2025|3627,49|0,00|||20250721||
CA|Caisse|CA00088|20250717|486000|Charges constatees d'avance|||CA074995|20250717|OPERATION DIVERSE 05/01/2025|0,00|3627,49|||20250721||
CA|Caisse|CA00089|20251209|665000|Escomptes accordes|||CA128669|20251209|OPERATION DIVERSE 14/01/2025|1236,83|0,00|||20251215||
CA|Caisse|CA00089|20251209|445620|TVA deductible sur immobilisations|||CA128669|20251209|OPERATION DIVERSE 14/01/2025|0,00|1236,83|||20251215||
CA|Caisse|CA00090|20251202|508000|Interets courus sur VMP|||CA129740|20251202|OPERATION DIVERSE 21/01/2025|559,04|0,00|||20251205||
CA|Caisse|CA00090|20251202|618100|Documentation generale|||CA129740|20251202|OPERATION DIVERSE 21/01/2025|0,00|559,04|||20251205||
CA|Caisse|CA00091|20250919|438200|Charges sociales sur conges a payer|||CA093299|20250919|OPERATION DIVERSE 09/02/2025|261,79|0,00|||20250922||
CA|Caisse|CA00091|20250919|445660|TVA deductible sur ABS|||CA093299|20250919|OPERATION DIVERSE 09/02/2025|0,00|261,79|||20250922||
CA|Caisse|CA00092|20250725|445870|TVA sur factures a etablir|||CA074075|20250725|OPERATION DIVERSE 22/02/2025|680,87|0,00|||20250726||
CA|Caisse|CA00092|20250725|762000|Produits des autres immobilisations financieres|||CA074075|20250725|OPERATION DIVERSE 22/02/2025|0,00|680,87|||20250726||
CA|Caisse|CA00093|20251210|602100|Achats de matieres consommables|||CA123924|20251210|OPERATION DIVERSE 07/01/2025|976,97|0,00|||20251216||
CA|Caisse|CA00093|20251210|518700|Interets courus a recevoir|||CA123924|20251210|OPERATION DIVERSE 07/01/2025|0,00|976,97|||20251216||
CA|Caisse|CA00094|20250812|691000|Participation des salaries aux resultats|||CA081249|20250812|OPERATION DIVERSE 06/02/2025|1766,89|0,00|||20250817||
CA|Caisse|CA00094|20250812|445710|TVA collectee a payer|||CA081249|20250812|OPERATION DIVERSE 06/02/2025|0,00|1766,89|||20250817||
CA|Caisse|CA00095|20251114|615200|Entretien et reparations sur biens immobiliers|||CA116737|20251114|OPERATION DIVERSE 13/02/2025|1853,77|0,00|||20251114||
CA|Caisse|CA00095|20251114|428200|Personnel - Conges payes|||CA116737|20251114|OPERATION DIVERSE 13/02/2025|0,00|1853,77|||20251114||
CA|Caisse|CA00096|20250806|106800|Autres reserves|||CA082424|20250806|OPERATION DIVERSE 12/02/2025|616,70|0,00|||20250810||
CA|Caisse|CA00096|20250806|762000|Produits des autres immobilisations financieres|||CA082424|20250806|OPERATION DIVERSE 12/02/2025|0,00|616,70|||20250810||
CA|Caisse|CA00097|20250812|416000|Clients douteux|||CA089589|20250812|OPERATION DIVERSE 16/02/2025|360,90|0,00|||20250812||
CA|Caisse|CA00097|20250812|512100|Banque secondaire|||CA089589|20250812|OPERATION DIVERSE 16/02/2025|0,00|360,90|||20250812||
CA|Caisse|CA00098|20250219|281810|Amort. installations generales|||CA025222|20250219|OPERATION DIVERSE 23/01/2025|3330,36|0,00|||20250224||
CA|Caisse|CA00098|20250222|512100|Banque secondaire|||CA025222|20250219|OPERATION DIVERSE 23/01/2025|0,00|3330,36|||20250224||
CA|Caisse|CA00099|20250319|613500|Locations mobilieres|||CA037467|20250319|OPERATION DIVERSE 11/02/2025|423,40|0,00|||20250323||
CA|Caisse|CA00099|20250319|421000|Personnel - Remunerations dues|||CA037467|20250319|OPERATION DIVERSE 11/02/2025|0,00|423,40|||20250323||
CA|Caisse|CA00100|20250128|622700|Frais d'actes et de contentieux|||CA018360|20250128|OPERATION DIVERSE 24/02/2025|1912,67|0,00|||20250131||
CA|Caisse|CA00100|20250128|444000|Etat - Impots sur les benefices|||CA018360|20250128|OPERATION DIVERSE 24/02/2025|0,00|1912,67|||20250131||
CA|Caisse|CA00101|20250124|709000|Rabais, remises et ristournes accordes|||CA013656|20250124|OPERATION DIVERSE 11/01/2025|171,14|0,00|||20250126||
CA|Caisse|CA00101|20250124|281350|Amort. installations generales|||CA013656|20250124|OPERATION DIVERSE 11/01/2025|0,00|171,14|||20250126||
CA|Caisse|CA00102|20250618|590000|Depreciation des valeurs mobilieres de placement|||CA062389|20250618|OPERATION DIVERSE 25/01/2025|311,92|0,00|||20250625||
CA|Caisse|CA00102|20250618|642000|Remunerations des dirigeants|||CA062389|20250618|OPERATION DIVERSE 25/01/2025|0,00|311,92|||20250625||
CA|Caisse|CA00103|20250304|408100|Fournisseurs - Factures non parvenues|||CA038879|20250304|OPERATION DIVERSE 06/02/2025|536,03|0,00|||20250307||
CA|Caisse|CA00103|20250304|468600|Charges a payer|||CA038879|20250304|OPERATION DIVERSE 06/02/2025|0,00|536,03|||20250307||
OD|Operations diverses|OD00001|20250826|437000|Autres organismes sociaux|||OD085966|20250826|ECRITURE DE REGULARISATION 02/2025|462,90|0,00|||20250827||
OD|Operations diverses|OD00001|20250826|625700|Receptions|||OD085966|20250826|ECRITURE DE REGULARISATION 02/2025|0,00|462,90|||20250827||
OD|Operations diverses|OD00002|20251002|444000|Etat - Impots sur les benefices|||OD105892|20251002|ECRITURE DE REGULARISATION 01/2025|715,93|0,00|||20251009||
OD|Operations diverses|OD00002|20251002|491000|Depreciation des comptes clients|||OD105892|20251002|ECRITURE DE REGULARISATION 01/2025|0,00|715,93|||20251009||
OD|Operations diverses|OD00003|20251212|164000|Emprunts aupres des etablissements de credit|||OD125779|20251212|ECRITURE DE REGULARISATION 01/2025|953,06|0,00|||20251216||
OD|Operations diverses|OD00003|20251212|508000|Interets courus sur VMP|||OD125779|20251212|ECRITURE DE REGULARISATION 01/2025|0,00|953,06|||20251216||
OD|Operations diverses|OD00004|20250609|631000|Impots, taxes et versements assimiles sur remunerations|||OD067733|20250609|ECRITURE DE REGULARISATION 01/2025|731,38|0,00|||20250610||
OD|Operations diverses|OD00004|20250609|486000|Charges constatees d'avance|||OD067733|20250609|ECRITURE DE REGULARISATION 01/2025|0,00|731,38|||20250610||
OD|Operations diverses|OD00005|20251003|311000|Matieres premieres|||OD101874|20251003|ECRITURE DE REGULARISATION 02/2025|409,54|0,00|||20251007||
OD|Operations diverses|OD00005|20251003|205000|Logiciels|||OD101874|20251003|ECRITURE DE REGULARISATION 02/2025|0,00|409,54|||20251007||
OD|Operations diverses|OD00006|20250416|203000|Frais de recherche et developpement|||OD044752|20250416|ECRITURE DE REGULARISATION 01/2025|7253,94|0,00|||20250418||
OD|Operations diverses|OD00006|20250416|404000|Fournisseurs d'immobilisations|||OD044752|20250416|ECRITURE DE REGULARISATION 01/2025|0,00|7253,94|||20250418||
OD|Operations diverses|OD00007|20251029|642000|Remunerations des dirigeants|||OD109997|20251029|ECRITURE DE REGULARISATION 01/2025|1838,07|0,00|||20251029||
OD|Operations diverses|OD00007|20251029|445860|TVA sur factures non parvenues|||OD109997|20251029|ECRITURE DE REGULARISATION 01/2025|0,00|1838,07|||20251029||
OD|Operations diverses|OD00008|20250819|404000|Fournisseurs d'immobilisations|||OD083436|20250819|ECRITURE DE REGULARISATION 02/2025|697,44|0,00|||20250819||
OD|Operations diverses|OD00008|20250819|651000|Redevances pour concessions, brevets, licences, etc.|||OD083436|20250819|ECRITURE DE REGULARISATION 02/2025|0,00|697,44|||20250819||
OD|Operations diverses|OD00009|20250124|765000|Escomptes obtenus|||OD013379|20250124|ECRITURE DE REGULARISATION 01/2025|1178,36|0,00|||20250131||
OD|Operations diverses|OD00009|20250124|740000|Subventions d'exploitation|||OD013379|20250124|ECRITURE DE REGULARISATION 01/2025|0,00|1178,36|||20250131||
OD|Operations diverses|OD00010|20250606|408400|Fournisseurs d'immobilisations - Factures non parvenues|||OD064424|20250606|ECRITURE DE REGULARISATION 01/2025|200,24|0,00|||20250610||
OD|Operations diverses|OD00010|20250606|416000|Clients douteux|||OD064424|20250606|ECRITURE DE REGULARISATION 01/2025|0,00|200,24|||20250610||
OD|Operations diverses|OD00011|20251110|511000|Valeurs a l'encaissement|||OD112544|20251110|ECRITURE DE REGULARISATION 02/2025|856,46|0,00|||20251111||
OD|Operations diverses|OD00011|20251110|621000|Personnel exterieur a l'entreprise|||OD112544|20251110|ECRITURE DE REGULARISATION 02/2025|0,00|856,46|||20251111||
OD|Operations diverses|OD00012|20251003|763000|Revenus des autres creances|||OD103263|20251003|ECRITURE DE REGULARISATION 02/2025|1147,31|0,00|||20251003||
OD|Operations diverses|OD00012|20251003|771000|Produits exceptionnels sur operations de gestion|||OD103263|20251003|ECRITURE DE REGULARISATION 02/2025|0,00|1147,31|||20251003||
OD|Operations diverses|OD00013|20251107|796000|Transferts de charges financieres|||OD113982|20251107|ECRITURE DE REGULARISATION 01/2025|254,59|0,00|||20251108||
OD|Operations diverses|OD00013|20251107|211000|Terrains|||OD113982|20251107|ECRITURE DE REGULARISATION 01/2025|0,00|254,59|||20251108||
OD|Operations diverses|OD00014|20250829|606800|Autres matieres et fournitures|||OD086957|20250829|ECRITURE DE REGULARISATION 02/2025|354,31|0,00|||20250902||
OD|Operations diverses|OD00014|20250829|401000|Fournisseurs|F00004|PAPETERIE EXPRESS|OD086957|20250829|ECRITURE DE REGULARISATION 02/2025|0,00|354,31|||20250902||
OD|Operations diverses|OD00015|20250620|218100|Installations generales, agencements divers|||OD063955|20250620|ECRITURE DE REGULARISATION 01/2025|14163,00|0,00|||20250624||
OD|Operations diverses|OD00015|20250620|512000|Banque principale|||OD063955|20250620|ECRITURE DE REGULARISATION 01/2025|0,00|14163,00|||20250624||
OD|Operations diverses|OD00016|20250701|626000|Frais postaux et de telecommunications|||OD072379|20250701|ECRITURE DE REGULARISATION 01/2025|1462,95|0,00|||20250707||
OD|Operations diverses|OD00016|20250701|431000|Securite sociale|||OD072379|20250701|ECRITURE DE REGULARISATION 01/2025|0,00|1462,95|||20250707||
OD|Operations diverses|OD00017|20250106|321000|Matieres consommables|||OD012920|20250106|ECRITURE DE REGULARISATION 02/2025|487,96|0,00|||20250107||
OD|Operations diverses|OD00017|20250106|491000|Depreciation des comptes clients|||OD012920|20250106|ECRITURE DE REGULARISATION 02/2025|0,00|487,96|||20250107||
OD|Operations diverses|OD00018|20250903|397100|Depreciation des stocks de marchandises|||OD094926|20250903|ECRITURE DE REGULARISATION 01/2025|424,80|0,00|||20250904||
OD|Operations diverses|OD00018|20250903|165000|Depots et cautionnements recus|||OD094926|20250903|ECRITURE DE REGULARISATION 01/2025|0,00|424,80|||20250904||
OD|Operations diverses|OD00019|20251203|740000|Subventions d'exploitation|||OD124838|20251203|ECRITURE DE REGULARISATION 01/2025|744,33|0,00|||20251210||
OD|Operations diverses|OD00019|20251203|771000|Produits exceptionnels sur operations de gestion|||OD124838|20251203|ECRITURE DE REGULARISATION 01/2025|0,00|744,33|||20251210||
OD|Operations diverses|OD00020|20250228|681110|Dot. amort. sur immo. incorporelles|||OD021318|20250228|ECRITURE DE REGULARISATION 01/2025|765,38|0,00|||20250303||
OD|Operations diverses|OD00020|20250228|467000|Autres comptes debiteurs ou crediteurs|||OD021318|20250228|ECRITURE DE REGULARISATION 01/2025|0,00|765,38|||20250303||
OD|Operations diverses|OD00021|20251217|281350|Amort. installations generales|||OD121958|20251217|ECRITURE DE REGULARISATION 01/2025|1654,21|0,00|||20251222||
OD|Operations diverses|OD00021|20251217|512100|Banque secondaire|||OD121958|20251217|ECRITURE DE REGULARISATION 01/2025|0,00|1654,21|||20251222||
OD|Operations diverses|OD00022|20250404|580000|Virements internes|||OD042624|20250404|ECRITURE DE REGULARISATION 02/2025|862,30|0,00|||20250407||
OD|Operations diverses|OD00022|20250404|607000|Achats de marchandises|||OD042624|20250404|ECRITURE DE REGULARISATION 02/2025|0,00|862,30|||20250407||
OD|Operations diverses|OD00023|20251003|771000|Produits exceptionnels sur operations de gestion|||OD107270|20251003|ECRITURE DE REGULARISATION 01/2025|1653,00|0,00|||20251010||
OD|Operations diverses|OD00023|20251003|511000|Valeurs a l'encaissement|||OD107270|20251003|ECRITURE DE REGULARISATION 01/2025|0,00|1653,00|||20251010||
OD|Operations diverses|OD00024|20251024|164000|Emprunts aupres des etablissements de credit|||OD102824|20251024|ECRITURE DE REGULARISATION 02/2025|979,92|0,00|||20251025||
OD|Operations diverses|OD00024|20251024|681110|Dot. amort. sur immo. incorporelles|||OD102824|20251024|ECRITURE DE REGULARISATION 02/2025|0,00|979,92|||20251025||
OD|Operations diverses|OD00025|20251208|758000|Produits divers de gestion courante|||OD123168|20251208|ECRITURE DE REGULARISATION 01/2025|1716,18|0,00|||20251215||
OD|Operations diverses|OD00025|20251208|530000|Caisse|||OD123168|20251208|ECRITURE DE REGULARISATION 01/2025|0,00|1716,18|||20251215||
OD|Operations diverses|OD00026|20250117|658000|Charges diverses de gestion courante|||OD017050|20250117|ECRITURE DE REGULARISATION 02/2025|1030,84|0,00|||20250119||
OD|Operations diverses|OD00026|20250117|445860|TVA sur factures non parvenues|||OD017050|20250117|ECRITURE DE REGULARISATION 02/2025|0,00|1030,84|||20250119||
OD|Operations diverses|OD00027|20251030|765000|Escomptes obtenus|||OD108380|20251030|ECRITURE DE REGULARISATION 02/2025|596,63|0,00|||20251102||
OD|Operations diverses|OD00027|20251030|628100|Concours divers (cotisations...)|||OD108380|20251030|ECRITURE DE REGULARISATION 02/2025|0,00|596,63|||20251102||
OD|Operations diverses|OD00028|20250127|120000|Resultat de l'exercice|||OD012078|20250127|ECRITURE DE REGULARISATION 01/2025|380,26|0,00|||20250203||
OD|Operations diverses|OD00028|20250127|606400|Fournitures administratives|||OD012078|20250127|ECRITURE DE REGULARISATION 01/2025|0,00|380,26|||20250203||
OD|Operations diverses|OD00029|20251222|425000|Personnel - Avances et acomptes|||OD129330|20251222|ECRITURE DE REGULARISATION 02/2025|352,21|0,00|||20251226||
OD|Operations diverses|OD00029|20251222|613200|Locations immobilieres|||OD129330|20251222|ECRITURE DE REGULARISATION 02/2025|0,00|352,21|||20251226||
OD|Operations diverses|OD00030|20250613|706000|Prestations de services|||OD068980|20250613|ECRITURE DE REGULARISATION 01/2025|825,54|0,00|||20250620||
OD|Operations diverses|OD00030|20250613|355000|Produits finis (groupe)|||OD068980|20250613|ECRITURE DE REGULARISATION 01/2025|0,00|825,54|||20250620||
OD|Operations diverses|OD00031|20251219|798000|Integration fiscale - Produits|||OD125813|20251219|ECRITURE DE REGULARISATION 01/2025|350,66|0,00|||20251223||
OD|Operations diverses|OD00031|20251219|486000|Charges constatees d'avance|||OD125813|20251219|ECRITURE DE REGULARISATION 01/2025|0,00|350,66|||20251223||
OD|Operations diverses|OD00032|20250602|397100|Depreciation des stocks de marchandises|||OD067106|20250602|ECRITURE DE REGULARISATION 02/2025|135,43|0,00|||20250609||
OD|Operations diverses|OD00032|20250602|708500|Ports et frais accessoires factures|||OD067106|20250602|ECRITURE DE REGULARISATION 02/2025|0,00|135,43|||20250609||
OD|Operations diverses|OD00033|20251008|486000|Charges constatees d'avance|||OD109054|20251008|ECRITURE DE REGULARISATION 02/2025|480,00|0,00|||20251011||
OD|Operations diverses|OD00033|20251008|627000|Services bancaires et assimiles|||OD109054|20251008|ECRITURE DE REGULARISATION 02/2025|0,00|480,00|||20251011||
OD|Operations diverses|OD00034|20251204|350000|Produits finis|||OD122900|20251204|ECRITURE DE REGULARISATION 01/2025|437,93|0,00|||20251209||
OD|Operations diverses|OD00034|20251204|622600|Honoraires|||OD122900|20251204|ECRITURE DE REGULARISATION 01/2025|0,00|437,93|||20251209||
OD|Operations diverses|OD00035|20250205|281810|Amort. installations generales|||OD027231|20250205|ECRITURE DE REGULARISATION 01/2025|18524,69|0,00|||20250211||
OD|Operations diverses|OD00035|20250205|512100|Banque secondaire|||OD027231|20250205|ECRITURE DE REGULARISATION 01/2025|0,00|18524,69|||20250211||
OD|Operations diverses|OD00036|20250731|627000|Services bancaires et assimiles|||OD078403|20250731|ECRITURE DE REGULARISATION 02/2025|1873,76|0,00|||20250803||
OD|Operations diverses|OD00036|20250731|512000|Banque principale|||OD078403|20250731|ECRITURE DE REGULARISATION 02/2025|0,00|1873,76|||20250803||
OD|Operations diverses|OD00037|20250807|665000|Escomptes accordes|||OD087264|20250807|ECRITURE DE REGULARISATION 02/2025|502,46|0,00|||20250808||
OD|Operations diverses|OD00037|20250807|438200|Charges sociales sur conges a payer|||OD087264|20250807|ECRITURE DE REGULARISATION 02/2025|0,00|502,46|||20250808||
OD|Operations diverses|OD00038|20250120|106800|Autres reserves|||OD016240|20250120|ECRITURE DE REGULARISATION 02/2025|860,10|0,00|||20250124||
OD|Operations diverses|OD00038|20250120|408400|Fournisseurs d'immobilisations - Factures non parvenues|||OD016240|20250120|ECRITURE DE REGULARISATION 02/2025|0,00|860,10|||20250124||
OD|Operations diverses|OD00039|20250611|606800|Autres matieres et fournitures|||OD067723|20250611|ECRITURE DE REGULARISATION 01/2025|1280,88|0,00|||20250614||
OD|Operations diverses|OD00039|20250611|487000|Produits constates d'avance|||OD067723|20250611|ECRITURE DE REGULARISATION 01/2025|0,00|1280,88|||20250614||
OD|Operations diverses|OD00040|20250815|106800|Autres reserves|||OD086338|20250815|ECRITURE DE REGULARISATION 01/2025|886,77|0,00|||20250819||
OD|Operations diverses|OD00040|20250815|786500|Reprises sur provisions pour risques et charges financiers|||OD086338|20250815|ECRITURE DE REGULARISATION 01/2025|0,00|886,77|||20250819||
OD|Operations diverses|OD00041|20250109|468600|Charges a payer|||OD016823|20250109|ECRITURE DE REGULARISATION 01/2025|228,86|0,00|||20250113||
OD|Operations diverses|OD00041|20250109|403000|Fournisseurs - Effets a payer|||OD016823|20250109|ECRITURE DE REGULARISATION 01/2025|0,00|228,86|||20250113||
OD|Operations diverses|OD00042|20250912|602200|Achats de fournitures consommables|||OD096418|20250912|ECRITURE DE REGULARISATION 01/2025|239,03|0,00|||20250914||
OD|Operations diverses|OD00042|20250912|517000|Autres organismes financiers|||OD096418|20250912|ECRITURE DE REGULARISATION 01/2025|0,00|239,03|||20250914||
OD|Operations diverses|OD00043|20250825|311000|Matieres premieres|||OD087166|20250825|ECRITURE DE REGULARISATION 01/2025|737,81|0,00|||20250829||
OD|Operations diverses|OD00043|20250825|666000|Pertes de change|||OD087166|20250825|ECRITURE DE REGULARISATION 01/2025|0,00|737,81|||20250829||
OD|Operations diverses|OD00044|20250704|647000|Autres charges sociales|||OD079176|20250704|ECRITURE DE REGULARISATION 02/2025|1802,30|0,00|||20250710||
OD|Operations diverses|OD00044|20250704|468600|Charges a payer|||OD079176|20250704|ECRITURE DE REGULARISATION 02/2025|0,00|1802,30|||20250710||
OD|Operations diverses|OD00045|20250103|681500|Dot. provisions pour risques et charges d'exploitation|||OD013305|20250103|ECRITURE DE REGULARISATION 01/2025|606,00|0,00|||20250110||
OD|Operations diverses|OD00045|20250103|421000|Personnel - Remunerations dues|||OD013305|20250103|ECRITURE DE REGULARISATION 01/2025|0,00|606,00|||20250110||
OD|Operations diverses|OD00046|20251003|616000|Primes d'assurance|||OD104608|20251003|ECRITURE DE REGULARISATION 01/2025|319,68|0,00|||20251007||
OD|Operations diverses|OD00046|20251003|445670|TVA collectee|||OD104608|20251003|ECRITURE DE REGULARISATION 01/2025|0,00|319,68|||20251007||
OD|Operations diverses|OD00047|20250617|445870|TVA sur factures a etablir|||OD063324|20250617|ECRITURE DE REGULARISATION 01/2025|315,02|0,00|||20250623||
OD|Operations diverses|OD00047|20250617|786500|Reprises sur provisions pour risques et charges financiers|||OD063324|20250617|ECRITURE DE REGULARISATION 01/2025|0,00|315,02|||20250623||
OD|Operations diverses|OD00048|20250902|709000|Rabais, remises et ristournes accordes|||OD095246|20250902|ECRITURE DE REGULARISATION 01/2025|1255,67|0,00|||20250904||
OD|Operations diverses|OD00048|20250902|781740|Reprises sur provisions sur creances|||OD095246|20250902|ECRITURE DE REGULARISATION 01/2025|0,00|1255,67|||20250904||
OD|Operations diverses|OD00049|20251215|681740|Dot. provisions sur creances|||OD121627|20251215|ECRITURE DE REGULARISATION 01/2025|1678,58|0,00|||20251218||
OD|Operations diverses|OD00049|20251215|518700|Interets courus a recevoir|||OD121627|20251215|ECRITURE DE REGULARISATION 01/2025|0,00|1678,58|||20251218||
OD|Operations diverses|OD00050|20250807|408400|Fournisseurs d'immobilisations - Factures non parvenues|||OD121627|20250807|ECRITURE DE REGULARISATION 01/2025|906,01|0,00|||20250808||
OD|Operations diverses|OD00050|20250807|786500|Reprises sur provisions pour risques et charges financiers|||OD089086|20250807|ECRITURE DE REGULARISATION 01/2025|0,00|906,01|||20250808||
OD|Operations diverses|OD00051|20250512|611000|Sous-traitance generale|||OD051365|20250512|ECRITURE DE REGULARISATION 02/2025|19,39|0,00|||20250518||
OD|Operations diverses|OD00051|20250512|487000|Produits constates d'avance|||OD051365|20250512|ECRITURE DE REGULARISATION 02/2025|0,00|19,39|||20250518||
OD|Operations diverses|OD00052|20250905|708500|Ports et frais accessoires factures|||OD097182|20250905|ECRITURE DE REGULARISATION 01/2025|943,10|0,00|||20250906||
OD|Operations diverses|OD00052|20250905|623100|Annonces et insertions|||OD097182|20250905|ECRITURE DE REGULARISATION 01/2025|0,00|943,10|||20250906||
OD|Operations diverses|OD00053|20250815|647000|Autres charges sociales|||OD088518|20250815|ECRITURE DE REGULARISATION 01/2025|936,85|0,00|||20250822||
OD|Operations diverses|OD00053|20250815|471000|Compte d'attente|||OD088518|20250815|ECRITURE DE REGULARISATION 01/2025|0,00|936,85|||20250822||
OD|Operations diverses|OD00054|20250219|281810|Amort. installations generales|||OD022180|20250219|ECRITURE DE REGULARISATION 02/2025|18820,27|0,00|||20250219||
OD|Operations diverses|OD00054|20250219|512000|Banque principale|||OD022180|20250219|ECRITURE DE REGULARISATION 02/2025|0,00|18820,27|||20250219||
OD|Operations diverses|OD00055|20250708|425000|Personnel - Avances et acomptes|||OD079206|20250708|ECRITURE DE REGULARISATION 01/2025|131,27|0,00|||20250713||
OD|Operations diverses|OD00055|20250708|781500|Reprises sur provisions pour risques et charges d'exploitation|||OD079206|20250708|ECRITURE DE REGULARISATION 01/2025|0,00|131,27|||20250713||
OD|Operations diverses|OD00056|20250624|751000|Redevances pour concessions, brevets, licences, etc.|||OD063735|20250624|ECRITURE DE REGULARISATION 02/2025|1577,80|0,00|||20250627||
OD|Operations diverses|OD00056|20250624|218100|Installations generales, agencements divers|||OD063735|20250624|ECRITURE DE REGULARISATION 02/2025|0,00|1577,80|||20250627||
OD|Operations diverses|OD00057|20250828|618500|Frais de colloques, seminaires, conferences|||OD083201|20250828|ECRITURE DE REGULARISATION 02/2025|982,00|0,00|||20250828||
OD|Operations diverses|OD00057|20250828|438200|Charges sociales sur conges a payer|||OD083201|20250828|ECRITURE DE REGULARISATION 02/2025|0,00|982,00|||20250828||
OD|Operations diverses|OD00058|20250606|613200|Locations immobilieres|||OD065696|20250606|ECRITURE DE REGULARISATION 02/2025|230,68|0,00|||20250607||
OD|Operations diverses|OD00058|20250606|514000|Cheques postaux|||OD065696|20250606|ECRITURE DE REGULARISATION 02/2025|0,00|230,68|||20250607||
OD|Operations diverses|OD00059|20250516|614000|Charges locatives|||OD056022|20250516|ECRITURE DE REGULARISATION 01/2025|1676,39|0,00|||20250519||
OD|Operations diverses|OD00059|20250516|421000|Personnel - Remunerations dues|||OD056022|20250516|ECRITURE DE REGULARISATION 01/2025|0,00|1676,39|||20250519||
OD|Operations diverses|OD00060|20250620|508000|Interets courus sur VMP|||OD068067|20250620|ECRITURE DE REGULARISATION 01/2025|959,46|0,00|||20250622||
OD|Operations diverses|OD00060|20250620|681120|Dot. amort. sur immo. corporelles|||OD068067|20250620|ECRITURE DE REGULARISATION 01/2025|0,00|959,46|||20250622||
OD|Operations diverses|OD00061|20250212|786500|Reprises sur provisions pour risques et charges financiers|||OD022249|20250212|ECRITURE DE REGULARISATION 01/2025|1232,55|0,00|||20250218||
OD|Operations diverses|OD00061|20250212|615500|Entretien et reparations sur biens mobiliers|||OD022249|20250212|ECRITURE DE REGULARISATION 01/2025|0,00|1232,55|||20250218||
OD|Operations diverses|OD00062|20250516|441000|Etat - Impot sur les benefices|||OD056169|20250516|ECRITURE DE REGULARISATION 02/2025|893,15|0,00|||20250520||
OD|Operations diverses|OD00062|20250516|445620|TVA deductible sur immobilisations|||OD056169|20250516|ECRITURE DE REGULARISATION 02/2025|0,00|893,15|||20250520||
OD|Operations diverses|OD00063|20250605|796000|Transferts de charges financieres|||OD063416|20250605|ECRITURE DE REGULARISATION 01/2025|295,69|0,00|||20250607||
OD|Operations diverses|OD00063|20250605|408400|Fournisseurs d'immobilisations - Factures non parvenues|||OD063416|20250605|ECRITURE DE REGULARISATION 01/2025|0,00|295,69|||20250607||
OD|Operations diverses|OD00064|20250522|120000|Resultat de l'exercice|||OD051995|20250522|ECRITURE DE REGULARISATION 02/2025|303,64|0,00|||20250522||
OD|Operations diverses|OD00064|20250522|205000|Logiciels|||OD051995|20250522|ECRITURE DE REGULARISATION 02/2025|0,00|303,64|||20250522||
OD|Operations diverses|OD00065|20250328|281840|Amort. mobilier|||OD036818|20250328|ECRITURE DE REGULARISATION 02/2025|15722,34|0,00|||20250329||
OD|Operations diverses|OD00065|20250328|512100|Banque secondaire|||OD036818|20250328|ECRITURE DE REGULARISATION 02/2025|0,00|15722,34|||20250329||
OD|Operations diverses|OD00066|20250613|404000|Fournisseurs d'immobilisations|||OD062231|20250613|ECRITURE DE REGULARISATION 02/2025|867,08|0,00|||20250614||
OD|Operations diverses|OD00066|20250613|614000|Charges locatives|||OD062231|20250613|ECRITURE DE REGULARISATION 02/2025|0,00|867,08|||20250614||
OD|Operations diverses|OD00067|20250116|786500|Reprises sur provisions pour risques et charges financiers|||OD015184|20250116|ECRITURE DE REGULARISATION 01/2025|273,99|0,00|||20250117||
OD|Operations diverses|OD00067|20250116|763000|Revenus des autres creances|||OD015184|20250116|ECRITURE DE REGULARISATION 01/2025|0,00|273,99|||20250117||
OD|Operations diverses|OD00068|20250515|428200|Personnel - Conges payes|||OD055005|20250515|ECRITURE DE REGULARISATION 01/2025|577,55|0,00|||20250518||
OD|Operations diverses|OD00068|20250515|401000|Fournisseurs|F00010|ELECTRICITE DE FRANCE|OD055005|20250515|ECRITURE DE REGULARISATION 01/2025|0,00|577,55|||20250518||
OD|Operations diverses|OD00069|20251106|441000|Etat - Impot sur les benefices|||OD119553|20251106|ECRITURE DE REGULARISATION 02/2025|30,39|0,00|||20251112||
OD|Operations diverses|OD00069|20251106|530000|Caisse|||OD119553|20251106|ECRITURE DE REGULARISATION 02/2025|0,00|30,39|||20251112||
OD|Operations diverses|OD00070|20251205|215400|Materiel industriel|||OD122559|20251205|ECRITURE DE REGULARISATION 02/2025|9593,79|0,00|||20251207||
OD|Operations diverses|OD00070|20251205|512000|Banque principale|||OD122559|20251205|ECRITURE DE REGULARISATION 02/2025|0,00|9593,79|||20251207||
OD|Operations diverses|OD00071|20250514|467000|Autres comptes debiteurs ou crediteurs|||OD057191|20250514|ECRITURE DE REGULARISATION 02/2025|561,46|0,00|||20250517||
OD|Operations diverses|OD00071|20250514|686500|Dot. provisions pour risques et charges financiers|||OD057191|20250514|ECRITURE DE REGULARISATION 02/2025|0,00|561,46|||20250517||
OD|Operations diverses|OD00072|20251107|611000|Sous-traitance generale|||OD114302|20251107|ECRITURE DE REGULARISATION 02/2025|1682,14|0,00|||20251110||
OD|Operations diverses|OD00072|20251107|445510|TVA a decaisser|||OD114302|20251107|ECRITURE DE REGULARISATION 02/2025|0,00|1682,14|||20251110||
OD|Operations diverses|OD00073|20250620|428200|Personnel - Conges payes|||OD066821|20250620|ECRITURE DE REGULARISATION 02/2025|52,22|0,00|||20250627||
OD|Operations diverses|OD00073|20250620|491000|Depreciation des comptes clients|||OD066821|20250620|ECRITURE DE REGULARISATION 02/2025|0,00|52,22|||20250627||
OD|Operations diverses|OD00074|20250306|791000|Transferts de charges d'exploitation|||OD033794|20250306|ECRITURE DE REGULARISATION 02/2025|1306,66|0,00|||20250313||
OD|Operations diverses|OD00074|20250306|607000|Achats de marchandises|||OD033794|20250306|ECRITURE DE REGULARISATION 02/2025|0,00|1306,66|||20250313||
OD|Operations diverses|OD00075|20250731|512100|Banque secondaire|||OD075412|20250731|ECRITURE DE REGULARISATION 02/2025|895,39|0,00|||20250802||
OD|Operations diverses|OD00075|20250731|445870|TVA sur factures a etablir|||OD075412|20250731|ECRITURE DE REGULARISATION 02/2025|0,00|895,39|||20250802||
OD|Operations diverses|OD00076|20250905|231000|Immobilisations corporelles en cours|||OD097023|20250905|ECRITURE DE REGULARISATION 02/2025|18075,61|0,00|||20250906||
OD|Operations diverses|OD00076|20250905|512000|Banque principale|||OD097023|20250905|ECRITURE DE REGULARISATION 02/2025|0,00|18075,61|||20250906||
OD|Operations diverses|OD00077|20250324|761000|Produits de participations|||OD036665|20250324|ECRITURE DE REGULARISATION 02/2025|1584,20|0,00|||20250330||
OD|Operations diverses|OD00077|20250324|218400|Mobilier|||OD036665|20250324|ECRITURE DE REGULARISATION 02/2025|0,00|1584,20|||20250330||
OD|Operations diverses|OD00078|20250418|408400|Fournisseurs d'immobilisations - Factures non parvenues|||OD047751|20250418|ECRITURE DE REGULARISATION 01/2025|93,59|0,00|||20250425||
OD|Operations diverses|OD00078|20250418|631000|Impots, taxes et versements assimiles sur remunerations|||OD047751|20250418|ECRITURE DE REGULARISATION 01/2025|0,00|93,59|||20250425||
OD|Operations diverses|OD00079|20250512|641000|Remunerations du personnel|||OD059624|20250512|ECRITURE DE REGULARISATION 01/2025|924,97|0,00|||20250517||
OD|Operations diverses|OD00079|20250512|425000|Personnel - Avances et acomptes|||OD059624|20250512|ECRITURE DE REGULARISATION 01/2025|0,00|924,97|||20250517||
OD|Operations diverses|OD00080|20250214|618500|Frais de colloques, seminaires, conferences|||OD029538|20250214|ECRITURE DE REGULARISATION 01/2025|782,49|0,00|||20250220||
OD|Operations diverses|OD00080|20250214|445520|TVA due intracommunautaire|||OD029538|20250214|ECRITURE DE REGULARISATION 01/2025|0,00|782,49|||20250220||
OD|Operations diverses|OD00081|20250205|445660|TVA deductible sur ABS|||OD026811|20250205|ECRITURE DE REGULARISATION 01/2025|345,30|0,00|||20250205||
OD|Operations diverses|OD00081|20250205|654000|Pertes sur creances irrecouvrables|||OD026811|20250205|ECRITURE DE REGULARISATION 01/2025|0,00|345,30|||20250205||
OD|Operations diverses|OD00082|20250603|131800|Autres subventions d'investissement|||OD061741|20250603|ECRITURE DE REGULARISATION 01/2025|922,90|0,00|||20250604||
OD|Operations diverses|OD00082|20250603|397100|Depreciation des stocks de marchandises|||OD061741|20250603|ECRITURE DE REGULARISATION 01/2025|0,00|922,90|||20250604||
OD|Operations diverses|OD00083|20250110|751000|Redevances pour concessions, brevets, licences, etc.|||OD018527|20250110|ECRITURE DE REGULARISATION 02/2025|170,50|0,00|||20250112||
OD|Operations diverses|OD00083|20250110|511000|Valeurs a l'encaissement|||OD018527|20250110|ECRITURE DE REGULARISATION 02/2025|0,00|170,50|||20250112||
OD|Operations diverses|OD00084|20251024|761000|Produits de participations|||OD105680|20251024|ECRITURE DE REGULARISATION 02/2025|1263,17|0,00|||20251024||
OD|Operations diverses|OD00084|20251024|311000|Matieres premieres|||OD105680|20251024|ECRITURE DE REGULARISATION 02/2025|0,00|1263,17|||20251024||
OD|Operations diverses|OD00085|20250206|797000|Transferts de charges exceptionnelles|||OD026774|20250206|ECRITURE DE REGULARISATION 02/2025|1868,62|0,00|||20250208||
OD|Operations diverses|OD00085|20250206|615200|Entretien et reparations sur biens immobiliers|||OD026774|20250206|ECRITURE DE REGULARISATION 02/2025|0,00|1868,62|||20250208||
VE|Ventes|VE00001|20250508|419100|Clients - Avances et acomptes recus|||VE057130|20250508|FACT CLIENT CLIENT EPSILON 340847|964,60|0,00|||20250513||
VE|Ventes|VE00001|20250508|681120|Dot. amort. sur immo. corporelles|||VE057130|20250508|FACT CLIENT CLIENT EPSILON 340847|0,00|964,60|||20250513||
VE|Ventes|VE00002|20250425|707000|Ventes de marchandises|||VE048989|20250425|FACT CLIENT CLIENT EPSILON 101754|1985,41|0,00|||20250502||
VE|Ventes|VE00002|20250425|671000|Charges exceptionnelles sur operations de gestion|||VE048989|20250425|FACT CLIENT CLIENT EPSILON 101754|0,00|1985,41|||20250502||
VE|Ventes|VE00003|20250121|701000|Ventes de produits finis|||VE014105|20250121|FACT CLIENT CLIENT ALPHA 607521|1329,17|0,00|||20250126||
VE|Ventes|VE00003|20250121|203000|Frais de recherche et developpement|||VE014105|20250121|FACT CLIENT CLIENT ALPHA 607521|0,00|1329,17|||20250126||
VE|Ventes|VE00004|20250321|709000|Rabais, remises et ristournes accordes|||VE038256|20250321|FACT CLIENT CLIENT DELTA 698583|1356,85|0,00|||20250324||
VE|Ventes|VE00004|20250321|781740|Reprises sur provisions sur creances|||VE038256|20250321|FACT CLIENT CLIENT DELTA 698583|0,00|1356,85|||20250324||
VE|Ventes|VE00005|20251219|411000|Clients|C00001|CLIENT ALPHA|VE123362|20251219|FACT CLIENT CLIENT GAMMA 93193|717,89|0,00|||20251225||
VE|Ventes|VE00005|20251219|758000|Produits divers de gestion courante|||VE123362|20251219|FACT CLIENT CLIENT GAMMA 93193|0,00|717,89|||20251225||
VE|Ventes|VE00006|20250815|416000|Clients douteux|||VE081105|20250815|FACT CLIENT CLIENT ALPHA 475949|821,12|0,00|||20250822||
VE|Ventes|VE00006|20250815|455000|Associes - Comptes courants|||VE081105|20250815|FACT CLIENT CLIENT ALPHA 475949|0,00|821,12|||20250822||
VE|Ventes|VE00007|20250808|709000|Rabais, remises et ristournes accordes|||VE087691|20250808|FACT CLIENT CLIENT BETA 406179|896,56|0,00|||20250811||
VE|Ventes|VE00007|20250808|468600|Charges a payer|||VE087691|20250808|FACT CLIENT CLIENT BETA 406179|0,00|896,56|||20250811||
VE|Ventes|VE00008|20250325|413000|Clients - Effets a recevoir|||VE035847|20250325|FACT CLIENT CLIENT GAMMA 856938|269,20|0,00|||20250326||
VE|Ventes|VE00008|20250325|445620|TVA deductible sur immobilisations|||VE035847|20250325|FACT CLIENT CLIENT GAMMA 856938|0,00|269,20|||20250326||
VE|Ventes|VE00009|20250422|419100|Clients - Avances et acomptes recus|||VE043378|20250422|FACT CLIENT CLIENT BETA 829264|796,26|0,00|||20250425||
VE|Ventes|VE00009|20250422|763000|Revenus des autres creances|||VE043378|20250422|FACT CLIENT CLIENT BETA 829264|0,00|796,26|||20250425||
VE|Ventes|VE00010|20250203|707000|Ventes de marchandises|||VE023533|20250203|FACT CLIENT CLIENT EPSILON 582810|548,28|0,00|||20250203||
VE|Ventes|VE00010|20250203|445710|TVA collectee a payer|||VE023533|20250203|FACT CLIENT CLIENT EPSILON 582810|0,00|548,28|||20250203||
VE|Ventes|VE00011|20250530|709000|Rabais, remises et ristournes accordes|||VE051288|20250530|FACT CLIENT CLIENT GAMMA 867601|862,99|0,00|||20250604||
VE|Ventes|VE00011|20250530|511000|Valeurs a l'encaissement|||VE051288|20250530|FACT CLIENT CLIENT GAMMA 867601|0,00|862,99|||20250604||
VE|Ventes|VE00012|20250818|701000|Ventes de produits finis|||VE084009|20250818|FACT CLIENT CLIENT ALPHA 593211|765,79|0,00|||20250823||
VE|Ventes|VE00012|20250818|355000|Produits finis (groupe)|||VE084009|20250818|FACT CLIENT CLIENT ALPHA 593211|0,00|765,79|||20250823||
VE|Ventes|VE00013|20250804|416000|Clients douteux|||VE089194|20250804|FACT CLIENT CLIENT EPSILON 918360|249,40|0,00|||20250808||
VE|Ventes|VE00013|20250804|425000|Personnel - Avances et acomptes|||VE089194|20250804|FACT CLIENT CLIENT EPSILON 918360|0,00|249,40|||20250808||
VE|Ventes|VE00014|20251031|418100|Clients - Factures a etablir|||VE109408|20251031|FACT CLIENT CLIENT BETA 946544|369,60|0,00|||20251103||
VE|Ventes|VE00014|20251031|467000|Autres comptes debiteurs ou crediteurs|||VE109408|20251031|FACT CLIENT CLIENT BETA 946544|0,00|369,60|||20251103||
VE|Ventes|VE00015|20250320|413000|Clients - Effets a recevoir|||VE031546|20250320|FACT CLIENT CLIENT DELTA 897987|894,36|0,00|||20250324||
VE|Ventes|VE00015|20250320|370000|Marchandises|||VE031546|20250320|FACT CLIENT CLIENT DELTA 897987|0,00|894,36|||20250324||
VE|Ventes|VE00016|20250110|709000|Rabais, remises et ristournes accordes|||VE014525|20250110|FACT CLIENT CLIENT BETA 46759|1839,60|0,00|||20250112||
VE|Ventes|VE00016|20250110|771000|Produits exceptionnels sur operations de gestion|||VE014525|20250110|FACT CLIENT CLIENT BETA 46759|0,00|1839,60|||20250112||
VE|Ventes|VE00017|20250220|701000|Ventes de produits finis|||VE026239|20250220|FACT CLIENT CLIENT ALPHA 701107|1626,55|0,00|||20250224||
VE|Ventes|VE00017|20250220|213500|Installations generales, agencements|||VE026239|20250220|FACT CLIENT CLIENT ALPHA 701107|0,00|1626,55|||20250224||
VE|Ventes|VE00018|20250819|709000|Rabais, remises et ristournes accordes|||VE085402|20250819|FACT CLIENT CLIENT ALPHA 426139|123,28|0,00|||20250826||
VE|Ventes|VE00018|20250819|408100|Fournisseurs - Factures non parvenues|||VE085402|20250819|FACT CLIENT CLIENT ALPHA 426139|0,00|123,28|||20250826||
VE|Ventes|VE00019|20251117|419100|Clients - Avances et acomptes recus|||VE117993|20251117|FACT CLIENT CLIENT EPSILON 210551|529,13|0,00|||20251117||
VE|Ventes|VE00019|20251117|642000|Remunerations des dirigeants|||VE117993|20251117|FACT CLIENT CLIENT EPSILON 210551|0,00|529,13|||20251117||
VE|Ventes|VE00020|20250829|418100|Clients - Factures a etablir|||VE089709|20250829|FACT CLIENT CLIENT EPSILON 474603|199,50|0,00|||20250902||
VE|Ventes|VE00020|20250829|218200|Materiel de transport|||VE089709|20250829|FACT CLIENT CLIENT EPSILON 474603|0,00|199,50|||20250902||
VE|Ventes|VE00021|20250602|413000|Clients - Effets a recevoir|||VE061586|20250602|FACT CLIENT CLIENT GAMMA 540616|870,25|0,00|||20250607||
VE|Ventes|VE00021|20250602|763000|Revenus des autres creances|||VE061586|20250602|FACT CLIENT CLIENT GAMMA 540616|0,00|870,25|||20250607||
VE|Ventes|VE00022|20250602|708500|Ports et frais accessoires factures|||VE064765|20250602|FACT CLIENT CLIENT ALPHA 83822|707,25|0,00|||20250609||
VE|Ventes|VE00022|20250602|427000|Personnel - Oppositions|||VE064765|20250602|FACT CLIENT CLIENT ALPHA 83822|0,00|707,25|||20250609||
VE|Ventes|VE00023|20250521|709000|Rabais, remises et ristournes accordes|||VE059403|20250521|FACT CLIENT CLIENT DELTA 690664|1448,67|0,00|||20250525||
VE|Ventes|VE00023|20250521|618500|Frais de colloques, seminaires, conferences|||VE059403|20250521|FACT CLIENT CLIENT DELTA 690664|0,00|1448,67|||20250525||
VE|Ventes|VE00024|20251117|416000|Clients douteux|||VE119678|20251117|FACT CLIENT CLIENT EPSILON 485029|192,53|0,00|||20251121||
VE|Ventes|VE00024|20251117|438200|Charges sociales sur conges a payer|||VE119678|20251117|FACT CLIENT CLIENT EPSILON 485029|0,00|192,53|||20251121||
VE|Ventes|VE00025|20250905|411000|Clients|C00004|CLIENT DELTA|VE096552|20250905|FACT CLIENT CLIENT BETA 879519|1930,39|0,00|||20250907||
VE|Ventes|VE00025|20250905|665000|Escomptes accordes|||VE096552|20250905|FACT CLIENT CLIENT BETA 879519|0,00|1930,39|||20250907||
VE|Ventes|VE00026|20251003|709000|Rabais, remises et ristournes accordes|||VE103742|20251003|FACT CLIENT CLIENT GAMMA 795690|1873,61|0,00|||20251009||
VE|Ventes|VE00026|20251003|401000|Fournisseurs|F00005|BUREAU VERITAS|VE103742|20251003|FACT CLIENT CLIENT GAMMA 795690|0,00|1873,61|||20251009||
VE|Ventes|VE00027|20250606|709000|Rabais, remises et ristournes accordes|||VE068609|20250606|FACT CLIENT CLIENT ALPHA 183128|1529,75|0,00|||20250611||
VE|Ventes|VE00027|20250606|281820|Amort. materiel de transport|||VE068609|20250606|FACT CLIENT CLIENT ALPHA 183128|0,00|1529,75|||20250611||
VE|Ventes|VE00028|20251022|706000|Prestations de services|||VE105617|20251022|FACT CLIENT CLIENT BETA 324298|1831,77|0,00|||20251024||
VE|Ventes|VE00028|20251022|580000|Virements internes|||VE105617|20251022|FACT CLIENT CLIENT BETA 324298|0,00|1831,77|||20251024||
VE|Ventes|VE00029|20250509|709000|Rabais, remises et ristournes accordes|||VE054046|20250509|FACT CLIENT CLIENT EPSILON 198670|822,39|0,00|||20250513||
VE|Ventes|VE00029|20250509|518700|Interets courus a recevoir|||VE054046|20250509|FACT CLIENT CLIENT EPSILON 198670|0,00|822,39|||20250513||
VE|Ventes|VE00030|20250228|418100|Clients - Factures a etablir|||VE024176|20250228|FACT CLIENT CLIENT DELTA 422545|942,75|0,00|||20250303||
VE|Ventes|VE00030|20250228|754000|Ristournes percues des cooperatives|||VE024176|20250228|FACT CLIENT CLIENT DELTA 422545|0,00|942,75|||20250303||
VE|Ventes|VE00031|20250402|418100|Clients - Factures a etablir|||VE045500|20250402|FACT CLIENT CLIENT ALPHA 113046|845,13|0,00|||20250405||
VE|Ventes|VE00031|20250402|671000|Charges exceptionnelles sur operations de gestion|||VE045500|20250402|FACT CLIENT CLIENT ALPHA 113046|0,00|845,13|||20250405||
VE|Ventes|VE00032|20251128|701000|Ventes de produits finis|||VE111305|20251128|FACT CLIENT CLIENT ALPHA 877106|329,14|0,00|||20251201||
VE|Ventes|VE00032|20251128|431000|Securite sociale|||VE111305|20251128|FACT CLIENT CLIENT ALPHA 877106|0,00|329,14|||20251201||
VE|Ventes|VE00033|20250414|411000|Clients|C00009|CLIENT IOTA|VE042919|20250414|FACT CLIENT CLIENT GAMMA 997709|6634,46|0,00|||20250421||
VE|Ventes|VE00033|20250414|438200|Charges sociales sur conges a payer|||VE042919|20250414|FACT CLIENT CLIENT GAMMA 997709|0,00|6634,46|||20250421||
VE|Ventes|VE00034|20250603|707000|Ventes de marchandises|||VE064849|20250603|FACT CLIENT CLIENT ALPHA 711562|1343,35|0,00|||20250604||
VE|Ventes|VE00034|20250603|681120|Dot. amort. sur immo. corporelles|||VE064849|20250603|FACT CLIENT CLIENT ALPHA 711562|0,00|1343,35|||20250604||
VE|Ventes|VE00035|20251017|418100|Clients - Factures a etablir|||VE106008|20251017|FACT CLIENT CLIENT EPSILON 861831|358,40|0,00|||20251018||
VE|Ventes|VE00035|20251018|425000|Personnel - Avances et acomptes|||VE106008|20251017|FACT CLIENT CLIENT EPSILON 861831|0,00|358,40|||20251018||
VE|Ventes|VE00036|20250228|416000|Clients douteux|||VE029314|20250228|FACT CLIENT CLIENT GAMMA 474541|113,79|0,00|||20250304||
VE|Ventes|VE00036|20250228|709000|Rabais, remises et ristournes accordes|||VE029314|20250228|FACT CLIENT CLIENT GAMMA 474541|0,00|113,79|||20250304||
VE|Ventes|VE00037|20250131|701000|Ventes de produits finis|||VE011499|20250131|FACT CLIENT CLIENT ALPHA 539416|309,05|0,00|||20250206||
VE|Ventes|VE00037|20250131|421000|Personnel - Remunerations dues|||VE011499|20250131|FACT CLIENT CLIENT ALPHA 539416|0,00|309,05|||20250206||
VE|Ventes|VE00038|20250224|701000|Ventes de produits finis|||VE029234|20250224|FACT CLIENT CLIENT BETA 781675|286,91|0,00|||20250228||
VE|Ventes|VE00038|20250224|467000|Autres comptes debiteurs ou crediteurs|||VE029234|20250224|FACT CLIENT CLIENT BETA 781675|0,00|286,91|||20250228||
VE|Ventes|VE00039|20250515|418100|Clients - Factures a etablir|||VE051196|20250515|FACT CLIENT CLIENT DELTA 731885|486,69|0,00|||20250520||
VE|Ventes|VE00039|20250515|764000|Revenus des valeurs mobilieres de placement|||VE051196|20250515|FACT CLIENT CLIENT DELTA 731885|0,00|486,69|||20250520||
VE|Ventes|VE00040|20250321|701000|Ventes de produits finis|||VE036300|20250321|FACT CLIENT CLIENT EPSILON 127189|470,62|0,00|||20250325||
VE|Ventes|VE00040|20250321|445510|TVA a decaisser|||VE036300|20250321|FACT CLIENT CLIENT EPSILON 127189|0,00|470,62|||20250325||
VE|Ventes|VE00041|20250813|709000|Rabais, remises et ristournes accordes|||VE086616|20250813|FACT CLIENT CLIENT BETA 353482|839,89|0,00|||20250814||
VE|Ventes|VE00041|20250813|631000|Impots, taxes et versements assimiles sur remunerations|||VE086616|20250813|FACT CLIENT CLIENT BETA 353482|0,00|839,89|||20250814||
VE|Ventes|VE00042|20250224|706000|Prestations de services|||VE024416|20250224|FACT CLIENT CLIENT BETA 189125|1671,40|0,00|||20250228||
VE|Ventes|VE00042|20250224|641000|Remunerations du personnel|||VE024416|20250224|FACT CLIENT CLIENT BETA 189125|0,00|1671,40|||20250228||
VE|Ventes|VE00043|20250107|416000|Clients douteux|||VE014613|20250107|FACT CLIENT CLIENT BETA 236336|642,14|0,00|||20250114||
VE|Ventes|VE00043|20250107|408400|Fournisseurs d'immobilisations - Factures non parvenues|||VE014613|20250107|FACT CLIENT CLIENT BETA 236336|0,00|642,14|||20250114||
VE|Ventes|VE00044|20250515|708500|Ports et frais accessoires factures|||VE051532|20250515|FACT CLIENT CLIENT DELTA 211833|67,98|0,00|||20250519||
VE|Ventes|VE00044|20250515|681500|Dot. provisions pour risques et charges d'exploitation|||VE051532|20250515|FACT CLIENT CLIENT DELTA 211833|0,00|67,98|||20250519||
VE|Ventes|VE00045|20250425|707000|Ventes de marchandises|||VE042949|20250425|FACT CLIENT CLIENT DELTA 308304|1052,92|0,00|||20250426||
VE|Ventes|VE00045|20250425|455000|Associes - Comptes courants|||VE042949|20250425|FACT CLIENT CLIENT DELTA 308304|0,00|1052,92|||20250426||
VE|Ventes|VE00046|20250514|419100|Clients - Avances et acomptes recus|||VE052742|20250514|FACT CLIENT CLIENT BETA 132254|302,82|0,00|||20250521||
VE|Ventes|VE00046|20250514|713000|Variation des stocks|||VE052742|20250514|FACT CLIENT CLIENT BETA 132254|0,00|302,82|||20250521||
VE|Ventes|VE00047|20250827|708500|Ports et frais accessoires factures|||VE081870|20250827|FACT CLIENT CLIENT EPSILON 483618|918,54|0,00|||20250901||
VE|Ventes|VE00047|20250827|201000|Frais d'etablissement|||VE081870|20250827|FACT CLIENT CLIENT EPSILON 483618|0,00|918,54|||20250901||
VE|Ventes|VE00048|20250918|708500|Ports et frais accessoires factures|||VE099920|20250918|FACT CLIENT CLIENT GAMMA 590880|154,75|0,00|||20250923||
VE|Ventes|VE00048|20250918|691000|Participation des salaries aux resultats|||VE099920|20250918|FACT CLIENT CLIENT GAMMA 590880|0,00|154,75|||20250923||
VE|Ventes|VE00049|20250709|709000|Rabais, remises et ristournes accordes|||VE074867|20250709|FACT CLIENT CLIENT DELTA 415224|295,12|0,00|||20250716||
VE|Ventes|VE00049|20250709|707000|Ventes de marchandises|||VE074867|20250709|FACT CLIENT CLIENT DELTA 415224|0,00|295,12|||20250716||
VE|Ventes|VE00050|20251017|416000|Clients douteux|||VE106592|20251017|FACT CLIENT CLIENT BETA 818508|144,96|0,00|||20251017||
VE|Ventes|VE00050|20251017|765000|Escomptes obtenus|||VE106592|20251017|FACT CLIENT CLIENT BETA 818508|0,00|144,96|||20251017||
VE|Ventes|VE00051|20250718|701000|Ventes de produits finis|||VE073021|20250718|FACT CLIENT CLIENT DELTA 415144|1253,24|0,00|||20250722||
VE|Ventes|VE00051|20250718|642000|Remunerations des dirigeants|||VE073021|20250718|FACT CLIENT CLIENT DELTA 415144|0,00|1253,24|||20250722||
VE|Ventes|VE00052|20250101|709000|Rabais, remises et ristournes accordes|||VE014313|20250101|FACT CLIENT CLIENT ALPHA 276916|1554,96|0,00|||20250101||
VE|Ventes|VE00052|20250101|590000|Depreciation des valeurs mobilieres de placement|||VE014313|20250101|FACT CLIENT CLIENT ALPHA 276916|0,00|1554,96|||20250101||
VE|Ventes|VE00053|20250103|416000|Clients douteux|||VE019509|20250103|FACT CLIENT CLIENT EPSILON 375940|171,95|0,00|||20250109||
VE|Ventes|VE00053|20250103|165000|Depots et cautionnements recus|||VE019509|20250103|FACT CLIENT CLIENT EPSILON 375940|0,00|171,95|||20250109||
VE|Ventes|VE00054|20250827|419100|Clients - Avances et acomptes recus|||VE088007|20250827|FACT CLIENT CLIENT GAMMA 516068|78,11|0,00|||20250828||
VE|Ventes|VE00054|20250827|661000|Charges d'interets|||VE088007|20250827|FACT CLIENT CLIENT GAMMA 516068|0,00|78,11|||20250828||
VE|Ventes|VE00055|20250919|701000|Ventes de produits finis|||VE092556|20250919|FACT CLIENT CLIENT EPSILON 882578|1431,08|0,00|||20250926||
VE|Ventes|VE00055|20250919|606100|Electricite, gaz, eau|||VE092556|20250919|FACT CLIENT CLIENT EPSILON 882578|0,00|1431,08|||20250926||
VE|Ventes|VE00056|20250516|708500|Ports et frais accessoires factures|||VE059196|20250516|FACT CLIENT CLIENT ALPHA 10114|602,42|0,00|||20250523||
VE|Ventes|VE00056|20250516|623400|Cadeaux a la clientele|||VE059196|20250516|FACT CLIENT CLIENT ALPHA 10114|0,00|602,42|||20250523||
VE|Ventes|VE00057|20251015|419100|Clients - Avances et acomptes recus|||VE103702|20251015|FACT CLIENT CLIENT EPSILON 391398|779,73|0,00|||20251020||
VE|Ventes|VE00057|20251015|445870|TVA sur factures a etablir|||VE103702|20251015|FACT CLIENT CLIENT EPSILON 391398|0,00|779,73|||20251020||
VE|Ventes|VE00058|20251107|413000|Clients - Effets a recevoir|||VE114433|20251107|FACT CLIENT CLIENT ALPHA 954999|414,17|0,00|||20251114||
VE|Ventes|VE00058|20251107|437000|Autres organismes sociaux|||VE114433|20251107|FACT CLIENT CLIENT ALPHA 954999|0,00|414,17|||20251114||
VE|Ventes|VE00059|20250925|707000|Ventes de marchandises|||VE095725|20250925|FACT CLIENT CLIENT ALPHA 195031|1842,50|0,00|||20250929||
VE|Ventes|VE00059|20250925|708500|Ports et frais accessoires factures|||VE095725|20250925|FACT CLIENT CLIENT ALPHA 195031|0,00|1842,50|||20250929||
VE|Ventes|VE00060|20250804|708500|Ports et frais accessoires factures|||VE082367|20250804|FACT CLIENT CLIENT DELTA 404291|1658,01|0,00|||20250806||
VE|Ventes|VE00060|20250804|486000|Charges constatees d'avance|||VE082367|20250804|FACT CLIENT CLIENT DELTA 404291|0,00|1658,01|||20250806||
VE|Ventes|VE00061|20250425|416000|Clients douteux|||VE049822|20250425|FACT CLIENT CLIENT ALPHA 797753|985,68|0,00|||20250428||
VE|Ventes|VE00061|20250425|618100|Documentation generale|||VE049822|20250425|FACT CLIENT CLIENT ALPHA 797753|0,00|985,68|||20250428||
VE|Ventes|VE00062|20250106|413000|Clients - Effets a recevoir|||VE018480|20250106|FACT CLIENT CLIENT BETA 645066|851,15|0,00|||20250113||
VE|Ventes|VE00062|20250106|618100|Documentation generale|||VE018480|20250106|FACT CLIENT CLIENT BETA 645066|0,00|851,15|||20250113||
VE|Ventes|VE00063|20250117|701000|Ventes de produits finis|||VE018326|20250117|FACT CLIENT CLIENT BETA 398697|456,43|0,00|||20250122||
VE|Ventes|VE00063|20250117|281820|Amort. materiel de transport|||VE018326|20250117|FACT CLIENT CLIENT BETA 398697|0,00|456,43|||20250122||
VE|Ventes|VE00064|20250218|701000|Ventes de produits finis|||VE025897|20250218|FACT CLIENT CLIENT GAMMA 861906|1807,81|0,00|||20250223||
VE|Ventes|VE00064|20250218|445670|TVA collectee|||VE025897|20250218|FACT CLIENT CLIENT GAMMA 861906|0,00|1807,81|||20250223||
VE|Ventes|VE00065|20251215|708500|Ports et frais accessoires factures|||VE122785|20251215|FACT CLIENT CLIENT BETA 318153|1107,76|0,00|||20251217||
VE|Ventes|VE00065|20251215|628100|Concours divers (cotisations...)|||VE122785|20251215|FACT CLIENT CLIENT BETA 318153|0,00|1107,76|||20251217||
VE|Ventes|VE00066|20250725|419100|Clients - Avances et acomptes recus|||VE072647|20250725|FACT CLIENT CLIENT EPSILON 919040|959,02|0,00|||20250728||
VE|Ventes|VE00066|20250725|707000|Ventes de marchandises|||VE072647|20250725|FACT CLIENT CLIENT EPSILON 919040|0,00|959,02|||20250728||
VE|Ventes|VE00067|20250425|418100|Clients - Factures a etablir|||VE049588|20250425|FACT CLIENT CLIENT GAMMA 836060|942,36|0,00|||20250426||
VE|Ventes|VE00067|20250425|602200|Achats de fournitures consommables|||VE049588|20250425|FACT CLIENT CLIENT GAMMA 836060|0,00|942,36|||20250426||
VE|Ventes|VE00068|20250514|416000|Clients douteux|||VE051014|20250514|FACT CLIENT CLIENT GAMMA 609660|578,69|0,00|||20250521||
VE|Ventes|VE00068|20250514|213500|Installations generales, agencements|||VE051014|20250514|FACT CLIENT CLIENT GAMMA 609660|0,00|578,69|||20250521||
VE|Ventes|VE00069|20250321|413000|Clients - Effets a recevoir|||VE036811|20250321|FACT CLIENT CLIENT ALPHA 502185|641,08|0,00|||20250328||
VE|Ventes|VE00069|20250321|205000|Logiciels|||VE036811|20250321|FACT CLIENT CLIENT ALPHA 502185|0,00|641,08|||20250328||
VE|Ventes|VE00070|20251125|413000|Clients - Effets a recevoir|||VE116221|20251125|FACT CLIENT CLIENT BETA 910654|201,74|0,00|||20251125||
VE|Ventes|VE00070|20251125|625600|Missions|||VE116221|20251125|FACT CLIENT CLIENT BETA 910654|0,00|201,74|||20251125||
VE|Ventes|VE00071|20251010|413000|Clients - Effets a recevoir|||VE105823|20251010|FACT CLIENT CLIENT ALPHA 353156|900,07|0,00|||20251014||
VE|Ventes|VE00071|20251010|631000|Impots, taxes et versements assimiles sur remunerations|||VE105823|20251010|FACT CLIENT CLIENT ALPHA 353156|0,00|900,07|||20251014||
VE|Ventes|VE00072|20250819|709000|Rabais, remises et ristournes accordes|||VE087699|20250819|FACT CLIENT CLIENT ALPHA 364715|253,96|0,00|||20250825||
VE|Ventes|VE00072|20250819|164000|Emprunts aupres des etablissements de credit|||VE087699|20250819|FACT CLIENT CLIENT ALPHA 364715|0,00|253,96|||20250825||
VE|Ventes|VE00073|20250804|416000|Clients douteux|||VE085058|20250804|FACT CLIENT CLIENT DELTA 638248|157,35|0,00|||20250809||
VE|Ventes|VE00073|20250804|231000|Immobilisations corporelles en cours|||VE085058|20250804|FACT CLIENT CLIENT DELTA 638248|0,00|157,35|||20250809||
VE|Ventes|VE00074|20250805|706000|Prestations de services|||VE084878|20250805|FACT CLIENT CLIENT DELTA 937060|1727,55|0,00|||20250806||
VE|Ventes|VE00074|20250805|530000|Caisse|||VE084878|20250805|FACT CLIENT CLIENT DELTA 937060|0,00|1727,55|||20250806||
VE|Ventes|VE00075|20250314|709000|Rabais, remises et ristournes accordes|||VE032559|20250314|FACT CLIENT CLIENT ALPHA 682559|845,75|0,00|||20250320||
VE|Ventes|VE00075|20250314|218400|Mobilier|||VE032559|20250314|FACT CLIENT CLIENT ALPHA 682559|0,00|845,75|||20250320||
VE|Ventes|VE00076|20250417|419100|Clients - Avances et acomptes recus|||VE045933|20250417|FACT CLIENT CLIENT DELTA 115945|247,12|0,00|||20250423||
VE|Ventes|VE00076|20250417|355000|Produits finis (groupe)|||VE045933|20250417|FACT CLIENT CLIENT DELTA 115945|0,00|247,12|||20250423||
VE|Ventes|VE00077|20250107|411000|Clients|C00001|CLIENT ALPHA|VE016835|20250107|FACT CLIENT CLIENT DELTA 869068|6834,77|0,00|||20250108||
VE|Ventes|VE00077|20250107|120000|Resultat de l'exercice|||VE016835|20250107|FACT CLIENT CLIENT DELTA 869068|0,00|6834,77|||20250108||
VE|Ventes|VE00078|20250814|418100|Clients - Factures a etablir|||VE081358|20250814|FACT CLIENT CLIENT BETA 530146|59,53|0,00|||20250820||
VE|Ventes|VE00078|20250814|758000|Produits divers de gestion courante|||VE081358|20250814|FACT CLIENT CLIENT BETA 530146|0,00|59,53|||20250820||
VE|Ventes|VE00079|20250228|416000|Clients douteux|||VE024552|20250228|FACT CLIENT CLIENT EPSILON 419936|517,55|0,00|||20250228||
VE|Ventes|VE00079|20250228|613200|Locations immobilieres|||VE024552|20250228|FACT CLIENT CLIENT EPSILON 419936|0,00|517,55|||20250228||
VE|Ventes|VE00080|20250715|416000|Clients douteux|||VE073080|20250715|FACT CLIENT CLIENT EPSILON 376638|148,36|0,00|||20250721||
VE|Ventes|VE00080|20250715|611000|Sous-traitance generale|||VE073080|20250715|FACT CLIENT CLIENT EPSILON 376638|0,00|148,36|||20250721||
VE|Ventes|VE00081|20250415|708500|Ports et frais accessoires factures|||VE042309|20250415|FACT CLIENT CLIENT DELTA 93669|837,92|0,00|||20250420||
VE|Ventes|VE00081|20250415|602260|Achats d'emballages|||VE042309|20250415|FACT CLIENT CLIENT DELTA 93669|0,00|837,92|||20250420||
VE|Ventes|VE00082|20250919|418100|Clients - Factures a etablir|||VE095863|20250919|FACT CLIENT CLIENT EPSILON 376270|633,95|0,00|||20250919||
VE|Ventes|VE00082|20250919|612000|Redevances de credit-bail|||VE095863|20250919|FACT CLIENT CLIENT EPSILON 376270|0,00|633,95|||20250919||
VE|Ventes|VE00083|20251218|411000|Clients|C00004|CLIENT DELTA|VE127704|20251218|FACT CLIENT CLIENT ALPHA 856533|4311,96|0,00|||20251218||
VE|Ventes|VE00083|20251218|707000|Ventes de marchandises|||VE127704|20251218|FACT CLIENT CLIENT ALPHA 856533|0,00|4311,96|||20251218||
VE|Ventes|VE00084|20250812|701000|Ventes de produits finis|||VE081154|20250812|FACT CLIENT CLIENT BETA 408620|63,11|0,00|||20250815||
VE|Ventes|VE00084|20250812|281820|Amort. materiel de transport|||VE081154|20250812|FACT CLIENT CLIENT BETA 408620|0,00|63,11|||20250815||
VE|Ventes|VE00085|20250606|411000|Clients|C00004|CLIENT DELTA|VE062426|20250606|FACT CLIENT CLIENT ALPHA 951361|1641,65|0,00|||20250610||
VE|Ventes|VE00085|20250606|701000|Ventes de produits finis|||VE062426|20250606|FACT CLIENT CLIENT ALPHA 951361|0,00|1641,65|||20250610||
VE|Ventes|VE00086|20250508|708500|Ports et frais accessoires factures|||VE056414|20250508|FACT CLIENT CLIENT BETA 790969|1403,97|0,00|||20250508||
VE|Ventes|VE00086|20250508|445510|TVA a decaisser|||VE056414|20250508|FACT CLIENT CLIENT BETA 790969|0,00|1403,97|||20250508||
VE|Ventes|VE00087|20250307|709000|Rabais, remises et ristournes accordes|||VE032172|20250307|FACT CLIENT CLIENT GAMMA 558100|1203,47|0,00|||20250309||
VE|Ventes|VE00087|20250307|437000|Autres organismes sociaux|||VE032172|20250307|FACT CLIENT CLIENT GAMMA 558100|0,00|1203,47|||20250309||
VE|Ventes|VE00088|20250321|418100|Clients - Factures a etablir|||VE037185|20250321|FACT CLIENT CLIENT DELTA 502047|990,22|0,00|||20250325||
VE|Ventes|VE00088|20250321|686500|Dot. provisions pour risques et charges financiers|||VE037185|20250321|FACT CLIENT CLIENT DELTA 502047|0,00|990,22|||20250325||
VE|Ventes|VE00089|20250117|418100|Clients - Factures a etablir|||VE019584|20250117|FACT CLIENT CLIENT ALPHA 564286|754,36|0,00|||20250124||
VE|Ventes|VE00089|20250117|438200|Charges sociales sur conges a payer|||VE019584|20250117|FACT CLIENT CLIENT ALPHA 564286|0,00|754,36|||20250124||
VE|Ventes|VE00090|20251212|707000|Ventes de marchandises|||VE124857|20251212|FACT CLIENT CLIENT ALPHA 223471|760,19|0,00|||20251214||
VE|Ventes|VE00090|20251212|215400|Materiel industriel|||VE124857|20251212|FACT CLIENT CLIENT ALPHA 223471|0,00|760,19|||20251214||
VE|Ventes|VE00091|20250725|411000|Clients|C00007|CLIENT ETA|VE078032|20250725|FACT CLIENT CLIENT ALPHA 678603|4352,79|0,00|||20250728||
VE|Ventes|VE00091|20250725|413000|Clients - Effets a recevoir|||VE078032|20250725|FACT CLIENT CLIENT ALPHA 678603|0,00|4352,79|||20250728||
VE|Ventes|VE00092|20250108|419100|Clients - Avances et acomptes recus|||VE017145|20250108|FACT CLIENT CLIENT ALPHA 597092|800,01|0,00|||20250110||
VE|Ventes|VE00092|20250108|764000|Revenus des valeurs mobilieres de placement|||VE017145|20250108|FACT CLIENT CLIENT ALPHA 597092|0,00|800,01|||20250110||
VE|Ventes|VE00093|20250909|701000|Ventes de produits finis|||VE096189|20250909|FACT CLIENT CLIENT ALPHA 104126|584,91|0,00|||20250914||
VE|Ventes|VE00093|20250909|720000|Production immobilisee|||VE096189|20250909|FACT CLIENT CLIENT ALPHA 104126|0,00|584,91|||20250914||
VE|Ventes|VE00094|20251212|708500|Ports et frais accessoires factures|||VE125013|20251212|FACT CLIENT CLIENT ALPHA 484192|1399,84|0,00|||20251218||
VE|Ventes|VE00094|20251212|621000|Personnel exterieur a l'entreprise|||VE125013|20251212|FACT CLIENT CLIENT ALPHA 484192|0,00|1399,84|||20251218||
VE|Ventes|VE00095|20250924|708500|Ports et frais accessoires factures|||VE096194|20250924|FACT CLIENT CLIENT GAMMA 370662|1169,11|0,00|||20250928||
VE|Ventes|VE00095|20250924|720000|Production immobilisee|||VE096194|20250924|FACT CLIENT CLIENT GAMMA 370662|0,00|1169,11|||20250928||
VE|Ventes|VE00096|20250530|709000|Rabais, remises et ristournes accordes|||VE055049|20250530|FACT CLIENT CLIENT EPSILON 709490|52,46|0,00|||20250603||
VE|Ventes|VE00096|20250530|413000|Clients - Effets a recevoir|||VE055049|20250530|FACT CLIENT CLIENT EPSILON 709490|0,00|52,46|||20250603||
VE|Ventes|VE00097|20250526|416000|Clients douteux|||VE056465|20250526|FACT CLIENT CLIENT GAMMA 475412|347,26|0,00|||20250528||
VE|Ventes|VE00097|20250526|618100|Documentation generale|||VE056465|20250526|FACT CLIENT CLIENT GAMMA 475412|0,00|347,26|||20250528||
VE|Ventes|VE00098|20251010|706000|Prestations de services|||VE104476|20251010|FACT CLIENT CLIENT ALPHA 754905|1202,31|0,00|||20251013||
VE|Ventes|VE00098|20251010|615500|Entretien et reparations sur biens mobiliers|||VE104476|20251010|FACT CLIENT CLIENT ALPHA 754905|0,00|1202,31|||20251013||
VE|Ventes|VE00099|20250520|418100|Clients - Factures a etablir|||VE059670|20250520|FACT CLIENT CLIENT DELTA 317452|11,74|0,00|||20250527||
VE|Ventes|VE00099|20250520|606800|Autres matieres et fournitures|||VE059670|20250520|FACT CLIENT CLIENT DELTA 317452|0,00|11,74|||20250527||
VE|Ventes|VE00100|20250603|416000|Clients douteux|||VE069479|20250603|FACT CLIENT CLIENT ALPHA 166293|642,06|0,00|||20250605||
VE|Ventes|VE00100|20250603|622600|Honoraires|||VE069479|20250603|FACT CLIENT CLIENT ALPHA 166293|0,00|642,06|||20250605||
VE|Ventes|VE00101|20250917|413000|Clients - Effets a recevoir|||VE099607|20250917|FACT CLIENT CLIENT ALPHA 898500|292,34|0,00|||20250923||
VE|Ventes|VE00101|20250917|628100|Concours divers (cotisations...)|||VE099607|20250917|FACT CLIENT CLIENT ALPHA 898500|0,00|292,34|||20250923||
VE|Ventes|VE00102|20250520|416000|Clients douteux|||VE051725|20250520|FACT CLIENT CLIENT GAMMA 555905|840,69|0,00|||20250527||
VE|Ventes|VE00102|20250520|601000|Achats de matieres premieres|||VE051725|20250520|FACT CLIENT CLIENT GAMMA 555905|0,00|840,69|||20250527||
VE|Ventes|VE00103|20251217|413000|Clients - Effets a recevoir|||VE127951|20251217|FACT CLIENT CLIENT BETA 508510|120,62|0,00|||20251221||
VE|Ventes|VE00103|20251217|691000|Participation des salaries aux resultats|||VE127951|20251217|FACT CLIENT CLIENT BETA 508510|0,00|120,62|||20251221||
VE|Ventes|VE00104|20250307|707000|Ventes de marchandises|||VE034393|20250307|FACT CLIENT CLIENT GAMMA 68630|11,38|0,00|||20250307||
VE|Ventes|VE00104|20250307|633000|Impots, taxes et versements assimiles sur remunerations (autres organismes)|||VE034393|20250307|FACT CLIENT CLIENT GAMMA 68630|0,00|11,38|||20250307||
VE|Ventes|VE00105|20250908|418100|Clients - Factures a etablir|||VE092770|20250908|FACT CLIENT CLIENT EPSILON 522173|360,58|0,00|||20250909||
VE|Ventes|VE00105|20250908|781740|Reprises sur provisions sur creances|||VE092770|20250908|FACT CLIENT CLIENT EPSILON 522173|0,00|360,58|||20250909||
VE|Ventes|VE00106|20250806|419100|Clients - Avances et acomptes recus|||VE083223|20250806|FACT CLIENT CLIENT BETA 838150|996,38|0,00|||20250807||
VE|Ventes|VE00106|20250806|615600|Maintenance|||VE083223|20250806|FACT CLIENT CLIENT BETA 838150|0,00|996,38|||20250807||
VE|Ventes|VE00107|20250116|701000|Ventes de produits finis|||VE013613|20250116|FACT CLIENT CLIENT DELTA 322702|595,19|0,00|||20250118||
VE|Ventes|VE00107|20250116|471000|Compte d'attente|||VE013613|20250116|FACT CLIENT CLIENT DELTA 322702|0,00|595,19|||20250118||
VE|Ventes|VE00108|20251205|413000|Clients - Effets a recevoir|||VE126623|20251205|FACT CLIENT CLIENT ALPHA 39144|37,55|0,00|||20251207||
VE|Ventes|VE00108|20251205|665000|Escomptes accordes|||VE126623|20251205|FACT CLIENT CLIENT ALPHA 39144|0,00|37,55|||20251207||
VE|Ventes|VE00109|20250826|708500|Ports et frais accessoires factures|||VE085881|20250826|FACT CLIENT CLIENT BETA 138168|781,77|0,00|||20250829||
VE|Ventes|VE00109|20250826|797000|Transferts de charges exceptionnelles|||VE085881|20250826|FACT CLIENT CLIENT BETA 138168|0,00|781,77|||20250829||
VE|Ventes|VE00110|20251126|413000|Clients - Effets a recevoir|||VE117177|20251126|FACT CLIENT CLIENT EPSILON 147711|454,62|0,00|||20251130||
VE|Ventes|VE00110|20251126|615500|Entretien et reparations sur biens mobiliers|||VE117177|20251126|FACT CLIENT CLIENT EPSILON 147711|0,00|454,62|||20251130||
VE|Ventes|VE00111|20251114|701000|Ventes de produits finis|||VE113874|20251114|FACT CLIENT CLIENT EPSILON 429277|1846,85|0,00|||20251120||
VE|Ventes|VE00111|20251114|607000|Achats de marchandises|||VE113874|20251114|FACT CLIENT CLIENT EPSILON 429277|0,00|1846,85|||20251120||
VE|Ventes|VE00112|20250416|706000|Prestations de services|||VE047541|20250416|FACT CLIENT CLIENT GAMMA 35252|736,63|0,00|||20250422||
VE|Ventes|VE00112|20250416|648000|Autres charges de personnel|||VE047541|20250416|FACT CLIENT CLIENT GAMMA 35252|0,00|736,63|||20250422||
VE|Ventes|VE00113|20250728|411000|Clients|C00007|CLIENT ETA|VE076119|20250728|FACT CLIENT CLIENT ALPHA 903253|5794,57|0,00|||20250804||
VE|Ventes|VE00113|20250728|408400|Fournisseurs d'immobilisations - Factures non parvenues|||VE076119|20250728|FACT CLIENT CLIENT ALPHA 903253|0,00|5794,57|||20250804||
VE|Ventes|VE00114|20251121|418100|Clients - Factures a etablir|||VE115335|20251121|FACT CLIENT CLIENT BETA 984030|782,60|0,00|||20251125||
VE|Ventes|VE00114|20251121|648000|Autres charges de personnel|||VE115335|20251121|FACT CLIENT CLIENT BETA 984030|0,00|782,60|||20251125||
VE|Ventes|VE00115|20250707|701000|Ventes de produits finis|||VE071635|20250707|FACT CLIENT CLIENT BETA 725242|236,33|0,00|||20250712||
VE|Ventes|VE00115|20250707|618500|Frais de colloques, seminaires, conferences|||VE071635|20250707|FACT CLIENT CLIENT BETA 725242|0,00|236,33|||20250712||
VE|Ventes|VE00116|20251117|418100|Clients - Factures a etablir|||VE113035|20251117|FACT CLIENT CLIENT EPSILON 527545|706,20|0,00|||20251121||
VE|Ventes|VE00116|20251117|207000|Fonds commercial|||VE113035|20251117|FACT CLIENT CLIENT EPSILON 527545|0,00|706,20|||20251121||
VE|Ventes|VE00117|20250910|706000|Prestations de services|||VE094619|20250910|FACT CLIENT CLIENT ALPHA 534267|752,23|0,00|||20250917||
VE|Ventes|VE00117|20250910|530000|Caisse|||VE094619|20250910|FACT CLIENT CLIENT ALPHA 534267|0,00|752,23|||20250917||
VE|Ventes|VE00118|20251117|418100|Clients - Factures a etablir|||VE114133|20251117|FACT CLIENT CLIENT ALPHA 462936|68,90|0,00|||20251120||
VE|Ventes|VE00118|20251117|775000|Produits des cessions d'elements d'actif|||VE114133|20251117|FACT CLIENT CLIENT ALPHA 462936|0,00|68,90|||20251120||
VE|Ventes|VE00119|20250715|701000|Ventes de produits finis|||VE078231|20250715|FACT CLIENT CLIENT DELTA 305944|578,92|0,00|||20250718||
VE|Ventes|VE00119|20250715|797000|Transferts de charges exceptionnelles|||VE078231|20250715|FACT CLIENT CLIENT DELTA 305944|0,00|578,92|||20250718||
VE|Ventes|VE00120|20250808|707000|Ventes de marchandises|||VE087059|20250808|FACT CLIENT CLIENT GAMMA 893834|1681,25|0,00|||20250814||
VE|Ventes|VE00120|20250808|281820|Amort. materiel de transport|||VE087059|20250808|FACT CLIENT CLIENT GAMMA 893834|0,00|1681,25|||20250814||
VE|Ventes|VE00121|20250116|419100|Clients - Avances et acomptes recus|||VE016695|20250116|FACT CLIENT CLIENT EPSILON 126634|690,46|0,00|||20250123||
VE|Ventes|VE00121|20250116|491000|Depreciation des comptes clients|||VE016695|20250116|FACT CLIENT CLIENT EPSILON 126634|0,00|690,46|||20250123||
