JournalCode|JournalLib|EcritureNum|EcritureDate|CompteNum|CompteLib|CompAuxNum|CompAuxLib|PieceRef|PieceDate|EcritureLib|Debit|Credit|EcritureLet|DateLet|ValidDate|Montantdevise|Idevise
AC|Achats|AC00001|20230216|623000|Publicite, publications, relations publiques|||AC028211|20230216|FACT 250116 FOURNITURES BUREAU|381,84|0,00|||20230217||
AC|Achats|AC00001|20230216|408100|Fournisseurs - Factures non parvenues|||AC028211|20230216|FACT 250116 FOURNITURES BUREAU|0,00|381,84|||20230217||
AC|Achats|AC00002|20230224|615200|Entretien et reparations sur biens immobiliers|||AC029392|20230224|FACT 250209 TELECOM SAS|662,07|0,00|||20230225||
AC|Achats|AC00002|20230224|418100|Clients - Factures a etablir|||AC029392|20230224|FACT 250209 TELECOM SAS|0,00|662,07|||20230225||
AC|Achats|AC00003|20230505|616000|Primes d'assurance|||AC058152|20230505|FACT 250104 DALKIA FRANCE|1366,38|0,00|||20230510||
AC|Achats|AC00003|20230505|518700|Interets courus a recevoir|||AC058152|20230505|FACT 250104 DALKIA FRANCE|0,00|1366,38|||20230510||
AC|Achats|AC00004|20231006|612000|Redevances de credit-bail|||AC103145|20231006|FACT 250105 ELECTRICITE DE FRANCE|290,46|0,00|||20231010||
AC|Achats|AC00004|20231006|419100|Clients - Avances et acomptes recus|||AC103145|20231006|FACT 250105 ELECTRICITE DE FRANCE|0,00|290,46|||20231010||
AC|Achats|AC00005|20230501|612000|Redevances de credit-bail|||AC051885|20230501|FACT 250114 ELECTRICITE DE FRANCE|180,14|0,00|||20230508||
AC|Achats|AC00005|20230501|467000|Autres comptes debiteurs ou crediteurs|||AC051885|20230501|FACT 250114 ELECTRICITE DE FRANCE|0,00|180,14|||20230508||
AC|Achats|AC00006|20230717|616000|Primes d'assurance|||AC079841|20230717|FACT 250130 FOURNITURES BUREAU|1261,64|0,00|||20230720||
AC|Achats|AC00006|20230717|416000|Clients douteux|||AC079841|20230717|FACT 250130 FOURNITURES BUREAU|0,00|1261,64|||20230720||
AC|Achats|AC00007|20230228|625600|Missions|||AC023000|20230228|FACT 250213 PAPETERIE EXPRESS|1966,27|0,00|||20230306||
AC|Achats|AC00007|20230228|418100|Clients - Factures a etablir|||AC023000|20230228|FACT 250213 PAPETERIE EXPRESS|0,00|1966,27|||20230306||
AC|Achats|AC00008|20230320|606100|Electricite, gaz, eau|||AC031307|20230320|FACT 250131 DALKIA FRANCE|909,33|0,00|||20230321||
AC|Achats|AC00008|20230320|518100|Interets courus a payer|||AC031307|20230320|FACT 250131 DALKIA FRANCE|0,00|909,33|||20230321||
AC|Achats|AC00009|20230413|626000|Frais postaux et de telecommunications|||AC048001|20230413|FACT 250204 PAPETERIE EXPRESS|437,19|0,00|||20230417||
AC|Achats|AC00009|20230413|445660|TVA deductible sur ABS|||AC048001|20230413|FACT 250204 PAPETERIE EXPRESS|0,00|437,19|||20230417||
AC|Achats|AC00010|20231211|601000|Achats de matieres premieres|||AC125660|20231211|FACT 250201 PAPETERIE EXPRESS|915,09|0,00|||20231214||
AC|Achats|AC00010|20231211|580000|Virements internes|||AC125660|20231211|FACT 250201 PAPETERIE EXPRESS|0,00|915,09|||20231214||
AC|Achats|AC00011|20230412|627000|Services bancaires et assimiles|||AC048540|20230412|FACT 250129 ELECTRICITE DE FRANCE|456,89|0,00|||20230418||
AC|Achats|AC00011|20230412|511000|Valeurs a l'encaissement|||AC048540|20230412|FACT 250129 ELECTRICITE DE FRANCE|0,00|456,89|||20230418||
AC|Achats|AC00012|20230926|611000|Sous-traitance generale|||AC096636|20230926|FACT 250127 DALKIA FRANCE|1275,66|0,00|||20230929||
AC|Achats|AC00012|20230926|445510|TVA a decaisser|||AC096636|20230926|FACT 250127 DALKIA FRANCE|0,00|1275,66|||20230929||
AC|Achats|AC00013|20230915|627000|Services bancaires et assimiles|||AC092595|20230915|FACT 250121 ELECTRICITE DE FRANCE|992,53|0,00|||20230922||
AC|Achats|AC00013|20230915|413000|Clients - Effets a recevoir|||AC092595|20230915|FACT 250121 ELECTRICITE DE FRANCE|0,00|992,53|||20230922||
AC|Achats|AC00014|20230208|613200|Locations immobilieres|||AC028663|20230208|FACT 250210 TELECOM SAS|1781,58|0,00|||20230210||
AC|Achats|AC00014|20230208|445870|TVA sur factures a etablir|||AC028663|20230208|FACT 250210 TELECOM SAS|0,00|1781,58|||20230210||
AC|Achats|AC00015|20231201|602200|Achats de fournitures consommables|||AC121243|20231201|FACT 250128 DALKIA FRANCE|1954,45|0,00|||20231205||
AC|Achats|AC00015|20231201|401000|Fournisseurs|F00007|ASSURANCE GENERALI|AC121243|20231201|FACT 250128 DALKIA FRANCE|0,00|1954,45|||20231205||
AC|Achats|AC00016|20230602|623100|Annonces et insertions|||AC065851|20230602|FACT 250202 TELECOM SAS|1783,33|0,00|||20230605||
AC|Achats|AC00016|20230602|431000|Securite sociale|||AC065851|20230602|FACT 250202 TELECOM SAS|0,00|1783,33|||20230605||
AC|Achats|AC00017|20230619|623100|Annonces et insertions|||AC069565|20230619|FACT 250101 ELECTRICITE DE FRANCE|257,66|0,00|||20230619||
AC|Achats|AC00017|20230619|590000|Depreciation des valeurs mobilieres de placement|||AC069565|20230619|FACT 250101 ELECTRICITE DE FRANCE|0,00|257,66|||20230619||
AC|Achats|AC00018|20230208|623000|Publicite, publications, relations publiques|||AC024967|20230208|FACT 250114 ELECTRICITE DE FRANCE|946,90|0,00|||20230212||
AC|Achats|AC00018|20230208|511000|Valeurs a l'encaissement|||AC024967|20230208|FACT 250114 ELECTRICITE DE FRANCE|0,00|946,90|||20230212||
AC|Achats|AC00019|20230616|625700|Receptions|||AC064086|20230616|FACT 250102 TELECOM SAS|854,45|0,00|||20230621||
AC|Achats|AC00019|20230616|447100|Autres impots, taxes et versements assimiles|||AC064086|20230616|FACT 250102 TELECOM SAS|0,00|854,45|||20230621||
AC|Achats|AC00020|20230302|606400|Fournitures administratives|||AC032042|20230302|FACT 250110 PAPETERIE EXPRESS|447,92|0,00|||20230307||
AC|Achats|AC00020|20230302|508000|Interets courus sur VMP|||AC032042|20230302|FACT 250110 PAPETERIE EXPRESS|0,00|447,92|||20230307||
AC|Achats|AC00021|20230831|618500|Frais de colloques, seminaires, conferences|||AC089057|20230831|FACT 250119 PAPETERIE EXPRESS|1946,14|0,00|||20230903||
AC|Achats|AC00021|20230831|403000|Fournisseurs - Effets a payer|||AC089057|20230831|FACT 250119 PAPETERIE EXPRESS|0,00|1946,14|||20230903||
AC|Achats|AC00022|20230217|606300|Fournitures d'entretien et petit equipement|||AC029751|20230217|FACT 250119 DALKIA FRANCE|879,34|0,00|||20230223||
AC|Achats|AC00022|20230217|471000|Compte d'attente|||AC029751|20230217|FACT 250119 DALKIA FRANCE|0,00|879,34|||20230223||
AC|Achats|AC00023|20230303|625600|Missions|||AC036457|20230303|FACT 250105 TELECOM SAS|1336,48|0,00|||20230309||
AC|Achats|AC00023|20230303|500000|Valeurs mobilieres de placement|||AC036457|20230303|FACT 250105 TELECOM SAS|0,00|1336,48|||20230309||
AC|Achats|AC00024|20230707|625700|Receptions|||AC077786|20230707|FACT 250117 TELECOM SAS|1175,20|0,00|||20230710||
AC|Achats|AC00024|20230707|445710|TVA collectee a payer|||AC077786|20230707|FACT 250117 TELECOM SAS|0,00|1175,20|||20230710||
AC|Achats|AC00025|20230925|618500|Frais de colloques, seminaires, conferences|||AC098061|20230925|FACT 250225 ELECTRICITE DE FRANCE|1040,00|0,00|||20230930||
AC|Achats|AC00025|20230925|445870|TVA sur factures a etablir|||AC098061|20230925|FACT 250225 ELECTRICITE DE FRANCE|0,00|1040,00|||20230930||
AC|Achats|AC00026|20231116|401000|Fournisseurs|F00004|PAPETERIE EXPRESS|AC112783|20231116|FACT 250217 PAPETERIE EXPRESS|8685,03|0,00|||20231123||
AC|Achats|AC00026|20231116|512000|Banque principale|||AC112783|20231116|FACT 250217 PAPETERIE EXPRESS|0,00|8685,03|||20231123||
AC|Achats|AC00027|20231208|625100|Voyages et deplacements|||AC121965|20231208|FACT 250220 TELECOM SAS|980,14|0,00|||20231208||
AC|Achats|AC00027|20231208|512100|Banque secondaire|||AC121965|20231208|FACT 250220 TELECOM SAS|0,00|980,14|||20231208||
AC|Achats|AC00028|20230201|623000|Publicite, publications, relations publiques|||AC027232|20230201|FACT 250101 PAPETERIE EXPRESS|1490,78|0,00|||20230206||
AC|Achats|AC00028|20230201|445510|TVA a decaisser|||AC027232|20230201|FACT 250101 PAPETERIE EXPRESS|0,00|1490,78|||20230206||
AC|Achats|AC00029|20231006|606800|Autres matieres et fournitures|||AC108617|20231006|FACT 250117 PAPETERIE EXPRESS|876,00|0,00|||20231010||
AC|Achats|AC00029|20231006|437000|Autres organismes sociaux|||AC108617|20231006|FACT 250117 PAPETERIE EXPRESS|0,00|876,00|||20231010||
AC|Achats|AC00030|20230104|618100|Documentation generale|||AC019556|20230104|FACT 250203 FOURNITURES BUREAU|278,73|0,00|||20230107||
AC|Achats|AC00030|20230104|411000|Clients|C00001|CLIENT ALPHA|AC019556|20230104|FACT 250203 FOURNITURES BUREAU|0,00|278,73|||20230107||
AC|Achats|AC00031|20230531|613500|Locations mobilieres|||AC055058|20230531|FACT 250120 ELECTRICITE DE FRANCE|877,17|0,00|||20230604||
AC|Achats|AC00031|20230531|413000|Clients - Effets a recevoir|||AC055058|20230531|FACT 250120 ELECTRICITE DE FRANCE|0,00|877,17|||20230604||
AC|Achats|AC00032|20230303|618500|Frais de colloques, seminaires, conferences|||AC033375|20230303|FACT 250105 ELECTRICITE DE FRANCE|116,61|0,00|||20230308||
AC|Achats|AC00032|20230303|421000|Personnel - Remunerations dues|||AC033375|20230303|FACT 250105 ELECTRICITE DE FRANCE|0,00|116,61|||20230308||
AC|Achats|AC00033|20231103|606300|Fournitures d'entretien et petit equipement|||AC119912|20231103|FACT 250112 ELECTRICITE DE FRANCE|1622,34|0,00|||20231107||
AC|Achats|AC00033|20231103|413000|Clients - Effets a recevoir|||AC119912|20231103|FACT 250112 ELECTRICITE DE FRANCE|0,00|1622,34|||20231107||
AC|Achats|AC00034|20230721|601000|Achats de matieres premieres|||AC072871|20230721|FACT 250204 PAPETERIE EXPRESS|1607,42|0,00|||20230727||
AC|Achats|AC00034|20230721|514000|Cheques postaux|||AC072871|20230721|FACT 250204 PAPETERIE EXPRESS|0,00|1607,42|||20230727||
AC|Achats|AC00035|20230519|608500|Frais accessoires d'achat|||AC055459|20230519|FACT 250201 DALKIA FRANCE|1693,47|0,00|||20230526||
AC|Achats|AC00035|20230519|486000|Charges constatees d'avance|||AC055459|20230519|FACT 250201 DALKIA FRANCE|0,00|1693,47|||20230526||
AC|Achats|AC00036|20230824|608500|Frais accessoires d'achat|||AC083287|20230824|FACT 250226 DALKIA FRANCE|361,35|0,00|||20230828||
AC|Achats|AC00036|20230824|447100|Autres impots, taxes et versements assimiles|||AC083287|20230824|FACT 250226 DALKIA FRANCE|0,00|361,35|||20230828||
AC|Achats|AC00037|20230731|613500|Locations mobilieres|||AC076425|20230731|FACT 250217 FOURNITURES BUREAU|598,66|0,00|||20230802||
AC|Achats|AC00037|20230731|421000|Personnel - Remunerations dues|||AC076425|20230731|FACT 250217 FOURNITURES BUREAU|0,00|598,66|||20230802||
AC|Achats|AC00038|20230710|607000|Achats de marchandises|||AC079501|20230710|FACT 250125 TELECOM SAS|1538,69|0,00|||20230717||
AC|Achats|AC00038|20230710|580000|Virements internes|||AC079501|20230710|FACT 250125 TELECOM SAS|0,00|1538,69|||20230717||
AC|Achats|AC00039|20230113|614000|Charges locatives|||AC011549|20230113|FACT 250112 ELECTRICITE DE FRANCE|691,94|0,00|||20230116||
AC|Achats|AC00039|20230113|451000|Groupe|||AC011549|20230113|FACT 250112 ELECTRICITE DE FRANCE|0,00|691,94|||20230116||
AC|Achats|AC00040|20230421|606800|Autres matieres et fournitures|||AC049358|20230421|FACT 250212 FOURNITURES BUREAU|1144,97|0,00|||20230424||
AC|Achats|AC00040|20230421|518700|Interets courus a recevoir|||AC049358|20230421|FACT 250212 FOURNITURES BUREAU|0,00|1144,97|||20230424||
AC|Achats|AC00041|20230728|601000|Achats de matieres premieres|||OD036947|20230728|FACT 250119 PAPETERIE EXPRESS|1756,84|0,00|||20230801||
AC|Achats|AC00041|20230728|468600|Charges a payer|||AC079083|20230728|FACT 250119 PAPETERIE EXPRESS|0,00|1756,84|||20230801||
AC|Achats|AC00042|20230630|606800|Autres matieres et fournitures|||AC069771|20230630|FACT 250216 TELECOM SAS|1500,37|0,00|||20230703||
AC|Achats|AC00042|20230630|518700|Interets courus a recevoir|||AC069771|20230630|FACT 250216 TELECOM SAS|0,00|1500,37|||20230703||
AC|Achats|AC00043|20231013|401000|Fournisseurs|F00010|ELECTRICITE DE FRANCE|AC104175|20231013|FACT 250101 PAPETERIE EXPRESS|7643,82|0,00|E6|20231225|20231020||
AC|Achats|AC00043|20231013|511000|Valeurs a l'encaissement|||AC104175|20231013|FACT 250101 PAPETERIE EXPRESS|0,00|7643,82|||20231020||
AC|Achats|AC00044|20230228|622700|Frais d'actes et de contentieux|||AC025812|20230228|FACT 250210 DALKIA FRANCE|1119,07|0,00|||20230306||
AC|Achats|AC00044|20230228|444000|Etat - Impots sur les benefices|||AC025812|20230228|FACT 250210 DALKIA FRANCE|0,00|1119,07|||20230306||
AC|Achats|AC00045|20230523|628100|Concours divers (cotisations...)|||AC054190|20230523|FACT 250108 DALKIA FRANCE|260,22|0,00|||20230526||
AC|Achats|AC00045|20230523|500000|Valeurs mobilieres de placement|||AC054190|20230523|FACT 250108 DALKIA FRANCE|0,00|260,22|||20230526||
AC|Achats|AC00046|20230808|625700|Receptions|||AC087282|20230808|FACT 250222 ELECTRICITE DE FRANCE|382,39|0,00|||20230811||
AC|Achats|AC00046|20230808|512000|Banque principale|||AC087282|20230808|FACT 250222 ELECTRICITE DE FRANCE|0,00|382,39|||20230811||
AC|Achats|AC00047|20230616|602260|Achats d'emballages|||AC065612|20230616|FACT 250125 DALKIA FRANCE|396,89|0,00|||20230616||
AC|Achats|AC00047|20230616|451000|Groupe|||AC065612|20230616|FACT 250125 DALKIA FRANCE|0,00|396,89|||20230616||
AC|Achats|AC00048|20231103|627000|Services bancaires et assimiles|||AC119140|20231103|FACT 250220 DALKIA FRANCE|1632,01|0,00|||20231105||
AC|Achats|AC00048|20231103|445620|TVA deductible sur immobilisations|||AC119140|20231103|FACT 250220 DALKIA FRANCE|0,00|1632,01|||20231105||
AC|Achats|AC00049|20230310|618100|Documentation generale|||AC036970|20230310|FACT 250106 PAPETERIE EXPRESS|879,34|0,00|||20230310||
AC|Achats|AC00049|20230310|517000|Autres organismes financiers|||AC036970|20230310|FACT 250106 PAPETERIE EXPRESS|0,00|879,34|||20230310||
AC|Achats|AC00050|20231212|613200|Locations immobilieres|||AC125721|20231212|FACT 250203 DALKIA FRANCE|1660,63|0,00|||20231213||
AC|Achats|AC00050|20231212|445520|TVA due intracommunautaire|||AC125721|20231212|FACT 250203 DALKIA FRANCE|0,00|1660,63|||20231213||
AC|Achats|AC00051|20230505|606300|Fournitures d'entretien et petit equipement|||AC051204|20230505|FACT 250205 TELECOM SAS|1711,00|0,00|||20230509||
AC|Achats|AC00051|20230505|451000|Groupe|||AC051204|20230505|FACT 250205 TELECOM SAS|0,00|1711,00|||20230509||
AC|Achats|AC00052|20230609|618500|Frais de colloques, seminaires, conferences|||AC065671|20230609|FACT 250227 ELECTRICITE DE FRANCE|1033,39|0,00|||20230609||
AC|Achats|AC00052|20230609|403000|Fournisseurs - Effets a payer|||AC065671|20230609|FACT 250227 ELECTRICITE DE FRANCE|0,00|1033,39|||20230609||
AC|Achats|AC00053|20231213|606300|Fournitures d'entretien et petit equipement|||AC129755|20231213|FACT 250222 DALKIA FRANCE|1045,98|0,00|||20231217||
AC|Achats|AC00053|20231213|419100|Clients - Avances et acomptes recus|||AC129755|20231213|FACT 250222 DALKIA FRANCE|0,00|1045,98|||20231217||
AC|Achats|AC00054|20230526|623400|Cadeaux a la clientele|||AC055194|20230526|FACT 250123 PAPETERIE EXPRESS|1864,90|0,00|||20230531||
AC|Achats|AC00054|20230526|428200|Personnel - Conges payes|||AC055194|20230526|FACT 250123 PAPETERIE EXPRESS|0,00|1864,90|||20230531||
AC|Achats|AC00055|20231020|614000|Charges locatives|||AC104582|20231020|FACT 250221 FOURNITURES BUREAU|1057,69|0,00|||20231020||
AC|Achats|AC00055|20231020|512000|Banque principale|||AC104582|20231020|FACT 250221 FOURNITURES BUREAU|0,00|1057,69|||20231020||
AC|Achats|AC00056|20230905|626000|Frais postaux et de telecommunications|||AC095449|20230905|FACT 250225 ELECTRICITE DE FRANCE|1277,45|0,00|||20230905||
AC|Achats|AC00056|20230905|419100|Clients - Avances et acomptes recus|||AC095449|20230905|FACT 250225 ELECTRICITE DE FRANCE|0,00|1277,45|||20230905||
AC|Achats|AC00057|20230110|401000|Fournisseurs|F00003|FOURNITURES BUREAU DIRECT|AC019225|20230110|FACT 250129 PAPETERIE EXPRESS|2556,19|0,00|||20230116||
AC|Achats|AC00057|20230110|518100|Interets courus a payer|||AC019225|20230110|FACT 250129 PAPETERIE EXPRESS|0,00|2556,19|||20230116||
AC|Achats|AC00058|20230425|606400|Fournitures administratives|||AC047014|20230425|FACT 250218 TELECOM SAS|107,04|0,00|||20230430||
AC|Achats|AC00058|20230425|445670|TVA collectee|||AC047014|20230425|FACT 250218 TELECOM SAS|0,00|107,04|||20230430||
AC|Achats|AC00059|20230613|618500|Frais de colloques, seminaires, conferences|||AC065651|20230613|FACT 250202 TELECOM SAS|1491,43|0,00|||20230614||
AC|Achats|AC00059|20230613|590000|Depreciation des valeurs mobilieres de placement|||AC065651|20230613|FACT 250202 TELECOM SAS|0,00|1491,43|||20230614||
AC|Achats|AC00060|20230424|615600|Maintenance|||AC045086|20230424|FACT 250217 TELECOM SAS|875,96|0,00|||20230426||
AC|Achats|AC00060|20230424|486000|Charges constatees d'avance|||AC045086|20230424|FACT 250217 TELECOM SAS|0,00|875,96|||20230426||
AC|Achats|AC00061|20231016|606800|Autres matieres et fournitures|||AC101434|20231016|FACT 250116 ELECTRICITE DE FRANCE|1813,55|0,00|||20231022||
AC|Achats|AC00061|20231016|427000|Personnel - Oppositions|||AC101434|20231016|FACT 250116 ELECTRICITE DE FRANCE|0,00|1813,55|||20231022||
AC|Achats|AC00062|20230831|625600|Missions|||AC089016|20230831|FACT 250213 ELECTRICITE DE FRANCE|235,35|0,00|||20230903||
AC|Achats|AC00062|20230831|438200|Charges sociales sur conges a payer|||AC089016|20230831|FACT 250213 ELECTRICITE DE FRANCE|0,00|235,35|||20230903||
AC|Achats|AC00063|20230417|625100|Voyages et deplacements|||AC049295|20230417|FACT 250112 DALKIA FRANCE|520,51|0,00|||20230420||
AC|Achats|AC00063|20230417|468600|Charges a payer|||AC049295|20230417|FACT 250112 DALKIA FRANCE|0,00|520,51|||20230420||
AC|Achats|AC00064|20230728|623400|Cadeaux a la clientele|||AC072675|20230728|FACT 250209 ELECTRICITE DE FRANCE|553,26|0,00|||20230801||
AC|Achats|AC00064|20230728|447100|Autres impots, taxes et versements assimiles|||AC072675|20230728|FACT 250209 ELECTRICITE DE FRANCE|0,00|553,26|||20230801||
AC|Achats|AC00065|20230511|615600|Maintenance|||AC057156|20230511|FACT 250105 TELECOM SAS|655,61|0,00|||20230511||
AC|Achats|AC00065|20230511|403000|Fournisseurs - Effets a payer|||AC057156|20230511|FACT 250105 TELECOM SAS|0,00|655,61|||20230511||
AC|Achats|AC00066|20231103|616000|Primes d'assurance|||AC113164|20231103|FACT 250213 DALKIA FRANCE|334,69|0,00|||20231103||
AC|Achats|AC00066|20231103|590000|Depreciation des valeurs mobilieres de placement|||AC113164|20231103|FACT 250213 DALKIA FRANCE|0,00|334,69|||20231103||
AC|Achats|AC00067|20230324|606800|Autres matieres et fournitures|||AC034223|20230324|FACT 250108 DALKIA FRANCE|627,31|0,00|||20230327||
AC|Achats|AC00067|20230324|511000|Valeurs a l'encaissement|||AC034223|20230324|FACT 250108 DALKIA FRANCE|0,00|627,31|||20230327||
AC|Achats|AC00068|20230113|621000|Personnel exterieur a l'entreprise|||AC017114|20230113|FACT 250131 FOURNITURES BUREAU|1245,53|0,00|||20230118||
AC|Achats|AC00068|20230113|445620|TVA deductible sur immobilisations|||AC017114|20230113|FACT 250131 FOURNITURES BUREAU|0,00|1245,53|||20230118||
AC|Achats|AC00069|20230106|606400|Fournitures administratives|||AC013262|20230106|FACT 250117 ELECTRICITE DE FRANCE|982,98|0,00|||20230109||
AC|Achats|AC00069|20230106|508000|Interets courus sur VMP|||AC013262|20230106|FACT 250117 ELECTRICITE DE FRANCE|0,00|982,98|||20230109||
AC|Achats|AC00070|20230804|401000|Fournisseurs|F00005|BUREAU VERITAS|AC087377|20230804|FACT 250110 PAPETERIE EXPRESS|3453,43|0,00|||20230805||
AC|Achats|AC00070|20230804|580000|Virements internes|||AC087377|20230804|FACT 250110 PAPETERIE EXPRESS|0,00|3453,43|||20230805||
AC|Achats|AC00071|20231207|602200|Achats de fournitures consommables|||AC122585|20231207|FACT 250224 DALKIA FRANCE|357,77|0,00|||20231210||
AC|Achats|AC00071|20231207|500000|Valeurs mobilieres de placement|||AC122585|20231207|FACT 250224 DALKIA FRANCE|0,00|357,77|||20231210||
AC|Achats|AC00072|20230505|615200|Entretien et reparations sur biens immobiliers|||AC053914|20230505|FACT 250207 FOURNITURES BUREAU|369,17|0,00|||20230505||
AC|Achats|AC00072|20230505|447100|Autres impots, taxes et versements assimiles|||AC053914|20230505|FACT 250207 FOURNITURES BUREAU|0,00|369,17|||20230505||
AC|Achats|AC00073|20230901|621000|Personnel exterieur a l'entreprise|||AC095916|20230901|FACT 250215 DALKIA FRANCE|1583,87|0,00|||20230902||
AC|Achats|AC00073|20230901|418100|Clients - Factures a etablir|||AC095916|20230901|FACT 250215 DALKIA FRANCE|0,00|1583,87|||20230902||
AC|Achats|AC00074|20231031|606300|Fournitures d'entretien et petit equipement|||AC105023|20231031|FACT 250206 PAPETERIE EXPRESS|1054,29|0,00|||20231103||
AC|Achats|AC00074|20231031|413000|Clients - Effets a recevoir|||AC105023|20231031|FACT 250206 PAPETERIE EXPRESS|0,00|1054,29|||20231103||
AC|Achats|AC00075|20231103|627000|Services bancaires et assimiles|||AC112397|20231103|FACT 250211 TELECOM SAS|1220,32|0,00|||20231110||
AC|Achats|AC00075|20231103|445510|TVA a decaisser|||AC112397|20231103|FACT 250211 TELECOM SAS|0,00|1220,32|||20231110||
AC|Achats|AC00076|20231204|613500|Locations mobilieres|||AC123622|20231204|FACT 250114 PAPETERIE EXPRESS|893,00|0,00|||20231207||
AC|Achats|AC00076|20231204|512000|Banque principale|||AC123622|20231204|FACT 250114 PAPETERIE EXPRESS|0,00|893,00|||20231207||
AC|Achats|AC00077|20230427|613200|Locations immobilieres|||AC047973|20230427|FACT 250216 ELECTRICITE DE FRANCE|479,88|0,00|||20230504||
AC|Achats|AC00077|20230427|590000|Depreciation des valeurs mobilieres de placement|||AC047973|20230427|FACT 250216 ELECTRICITE DE FRANCE|0,00|479,88|||20230504||
AC|Achats|AC00078|20231031|622700|Frais d'actes et de contentieux|||AC104783|20231031|FACT 250221 ELECTRICITE DE FRANCE|226,01|0,00|||20231101||
AC|Achats|AC00078|20231031|471000|Compte d'attente|||AC104783|20231031|FACT 250221 ELECTRICITE DE FRANCE|0,00|226,01|||20231101||
AC|Achats|AC00079|20230418|615600|Maintenance|||AC045625|20230418|FACT 250211 PAPETERIE EXPRESS|209,22|0,00|||20230424||
AC|Achats|AC00079|20230418|445620|TVA deductible sur immobilisations|||AC045625|20230418|FACT 250211 PAPETERIE EXPRESS|0,00|209,22|||20230424||
AC|Achats|AC00080|20230407|625600|Missions|||AC046558|20230407|FACT 250102 ELECTRICITE DE FRANCE|63,88|0,00|||20230407||
AC|Achats|AC00080|20230407|518700|Interets courus a recevoir|||AC046558|20230407|FACT 250102 ELECTRICITE DE FRANCE|0,00|63,88|||20230407||
AC|Achats|AC00081|20230426|622700|Frais d'actes et de contentieux|||AC041157|20230426|FACT 250108 DALKIA FRANCE|650,41|0,00|||20230430||
AC|Achats|AC00081|20230426|455000|Associes - Comptes courants|||AC041157|20230426|FACT 250108 DALKIA FRANCE|0,00|650,41|||20230430||
AC|Achats|AC00082|20230419|613200|Locations immobilieres|||AC047449|20230419|FACT 250217 PAPETERIE EXPRESS|1388,91|0,00|||20230422||
AC|Achats|AC00082|20230419|508000|Interets courus sur VMP|||AC047449|20230419|FACT 250217 PAPETERIE EXPRESS|0,00|1388,91|||20230422||
AC|Achats|AC00083|20230328|613500|Locations mobilieres|||AC038154|20230328|FACT 250222 TELECOM SAS|449,13|0,00|||20230331||
AC|Achats|AC00083|20230328|438200|Charges sociales sur conges a payer|||AC038154|20230328|FACT 250222 TELECOM SAS|0,00|449,13|||20230331||
AC|Achats|AC00084|20230116|618100|Documentation generale|||AC018901|20230116|FACT 250125 TELECOM SAS|1067,84|0,00|||20230118||
AC|Achats|AC00084|20230116|438200|Charges sociales sur conges a payer|||AC018901|20230116|FACT 250125 TELECOM SAS|0,00|1067,84|||20230118||
AC|Achats|AC00085|20230516|612000|Redevances de credit-bail|||AC059773|20230516|FACT 250118 TELECOM SAS|1585,18|0,00|||20230516||
AC|Achats|AC00085|20230516|411000|Clients|C00002|CLIENT BETA|AC059773|20230516|FACT 250118 TELECOM SAS|0,00|1585,18|Y1|20231214|20230516||
AC|Achats|AC00086|20230522|615200|Entretien et reparations sur biens immobiliers|||AC057947|20230522|FACT 250206 PAPETERIE EXPRESS|1385,77|0,00|||20230525||
AC|Achats|AC00086|20230522|590000|Depreciation des valeurs mobilieres de placement|||AC057947|20230522|FACT 250206 PAPETERIE EXPRESS|0,00|1385,77|||20230525||
AC|Achats|AC00087|20230502|625100|Voyages et deplacements|||AC057254|20230502|FACT 250119 FOURNITURES BUREAU|1352,65|0,00|||20230503||
AC|Achats|AC00087|20230502|437000|Autres organismes sociaux|||AC057254|20230502|FACT 250119 FOURNITURES BUREAU|0,00|1352,65|||20230503||
AC|Achats|AC00088|20230505|606100|Electricite, gaz, eau|||AC056924|20230505|FACT 250215 ELECTRICITE DE FRANCE|1985,68|0,00|||20230510||
AC|Achats|AC00088|20230505|445660|TVA deductible sur ABS|||AC056924|20230505|FACT 250215 ELECTRICITE DE FRANCE|0,00|1985,68|||20230510||
AC|Achats|AC00089|20230227|626000|Frais postaux et de telecommunications|||AC026283|20230227|FACT 250209 PAPETERIE EXPRESS|1138,29|0,00|||20230302||
AC|Achats|AC00089|20230227|451000|Groupe|||AC026283|20230227|FACT 250209 PAPETERIE EXPRESS|0,00|1138,29|||20230302||
AC|Achats|AC00090|20230313|606100|Electricite, gaz, eau|||AC031585|20230313|FACT 250126 DALKIA FRANCE|1306,16|0,00|||20230317||
AC|Achats|AC00090|20230313|517000|Autres organismes financiers|||AC031585|20230313|FACT 250126 DALKIA FRANCE|0,00|1306,16|||20230317||
AC|Achats|AC00091|20230324|618100|Documentation generale|||AC034970|20230324|FACT 250126 PAPETERIE EXPRESS|632,54|0,00|||20230330||
AC|Achats|AC00091|20230324|445860|TVA sur factures non parvenues|||AC034970|20230324|FACT 250126 PAPETERIE EXPRESS|0,00|632,54|||20230330||
AC|Achats|AC00092|20230301|401000|Fournisseurs|F00007|ASSURANCE GENERALI|AC038800|20230301|FACT 250217 PAPETERIE EXPRESS|8871,06|0,00|||20230305||
AC|Achats|AC00092|20230301|512000|Banque principale|||AC038800|20230301|FACT 250217 PAPETERIE EXPRESS|0,00|8871,06|||20230305||
AC|Achats|AC00093|20231002|606300|Fournitures d'entretien et petit equipement|||AC101072|20231002|FACT 250112 FOURNITURES BUREAU|427,00|0,00|||20231008||
AC|Achats|AC00093|20231002|487000|Produits constates d'avance|||AC101072|20231002|FACT 250112 FOURNITURES BUREAU|0,00|427,00|||20231008||
AC|Achats|AC00094|20230627|615500|Entretien et reparations sur biens mobiliers|||AC063917|20230627|FACT 250226 TELECOM SAS|1607,14|0,00|||20230629||
AC|Achats|AC00094|20230627|404000|Fournisseurs d'immobilisations|||AC063917|20230627|FACT 250226 TELECOM SAS|0,00|1607,14|||20230629||
AC|Achats|AC00095|20230706|618500|Frais de colloques, seminaires, conferences|||AC077499|20230706|FACT 250204 TELECOM SAS|1257,97|0,00|||20230710||
AC|Achats|AC00095|20230706|471000|Compte d'attente|||AC077499|20230706|FACT 250204 TELECOM SAS|0,00|1257,97|||20230710||
AC|Achats|AC00096|20231117|401000|Fournisseurs|F00009|NETTOYAGE SERVICE|AC113789|20231117|FACT 250116 DALKIA FRANCE|2700,40|0,00|||20231117||
AC|Achats|AC00096|20231117|511000|Valeurs a l'encaissement|||AC113789|20231117|FACT 250116 DALKIA FRANCE|0,00|2700,40|||20231117||
AC|Achats|AC00097|20230904|625600|Missions|||AC096447|20230904|FACT 250102 TELECOM SAS|1418,91|0,00|||20230906||
AC|Achats|AC00097|20230904|530000|Caisse|||AC096447|20230904|FACT 250102 TELECOM SAS|0,00|1418,91|||20230906||
AC|Achats|AC00098|20230707|627000|Services bancaires et assimiles|||AC077926|20230707|FACT 250122 FOURNITURES BUREAU|1142,58|0,00|||20230713||
AC|Achats|AC00098|20230707|408100|Fournisseurs - Factures non parvenues|||AC077926|20230707|FACT 250122 FOURNITURES BUREAU|0,00|1142,58|||20230713||
AC|Achats|AC00099|20230310|602100|Achats de matieres consommables|||AC033263|20230310|FACT 250128 FOURNITURES BUREAU|844,90|0,00|||20230312||
AC|Achats|AC00099|20230310|438200|Charges sociales sur conges a payer|||AC033263|20230310|FACT 250128 FOURNITURES BUREAU|0,00|844,90|||20230312||
AC|Achats|AC00100|20231218|616000|Primes d'assurance|||AC129504|20231218|FACT 250222 DALKIA FRANCE|415,09|0,00|||20231218||
AC|Achats|AC00100|20231218|445660|TVA deductible sur ABS|||AC129504|20231218|FACT 250222 DALKIA FRANCE|0,00|415,09|||20231218||
AC|Achats|AC00101|20230622|625700|Receptions|||AC062736|20230622|FACT 250129 TELECOM SAS|816,06|0,00|||20230625||
AC|Achats|AC00101|20230622|467000|Autres comptes debiteurs ou crediteurs|||AC062736|20230622|FACT 250129 TELECOM SAS|0,00|816,06|||20230625||
AC|Achats|AC00102|20230824|622700|Frais d'actes et de contentieux|||AC087206|20230824|FACT 250210 FOURNITURES BUREAU|376,72|0,00|||20230831||
AC|Achats|AC00102|20230824|518700|Interets courus a recevoir|||AC087206|20230824|FACT 250210 FOURNITURES BUREAU|0,00|376,72|||20230831||
AC|Achats|AC00103|20230403|601000|Achats de matieres premieres|||AC046002|20230403|FACT 250219 TELECOM SAS|1527,21|0,00|||20230408||
AC|Achats|AC00103|20230403|444000|Etat - Impots sur les benefices|||AC046002|20230403|FACT 250219 TELECOM SAS|0,00|1527,21|||20230408||
AC|Achats|AC00104|20230724|613500|Locations mobilieres|||AC079842|20230724|FACT 250205 TELECOM SAS|495,32|0,00|||20230725||
AC|Achats|AC00104|20230724|512100|Banque secondaire|||AC079842|20230724|FACT 250205 TELECOM SAS|0,00|495,32|||20230725||
AC|Achats|AC00105|20231103|622600|Honoraires|||AC113391|20231103|FACT 250212 FOURNITURES BUREAU|294,77|0,00|||20231104||
AC|Achats|AC00105|20231103|441000|Etat - Impot sur les benefices|||AC113391|20231103|FACT 250212 FOURNITURES BUREAU|0,00|294,77|||20231104||
AC|Achats|AC00106|20230123|602100|Achats de matieres consommables|||AC012753|20230123|FACT 250201 TELECOM SAS|436,69|0,00|||20230129||
AC|Achats|AC00106|20230123|455000|Associes - Comptes courants|||AC012753|20230123|FACT 250201 TELECOM SAS|0,00|436,69|||20230129||
AC|Achats|AC00107|20231229|606800|Autres matieres et fournitures|||AC124826|20231229|FACT 250113 TELECOM SAS|1674,37|0,00|||20231230||
AC|Achats|AC00107|20231229|447100|Autres impots, taxes et versements assimiles|||AC124826|20231229|FACT 250113 TELECOM SAS|0,00|1674,37|||20231230||
AC|Achats|AC00108|20230531|606400|Fournitures administratives|||AC056970|20230531|FACT 250216 TELECOM SAS|327,32|0,00|||20230604||
AC|Achats|AC00108|20230531|438200|Charges sociales sur conges a payer|||AC056970|20230531|FACT 250216 TELECOM SAS|0,00|327,32|||20230604||
AC|Achats|AC00109|20230526|613200|Locations immobilieres|||AC057973|20230526|FACT 250224 PAPETERIE EXPRESS|1659,98|0,00|||20230601||
AC|Achats|AC00109|20230526|445710|TVA collectee a payer|||AC057973|20230526|FACT 250224 PAPETERIE EXPRESS|0,00|1659,98|||20230601||
AC|Achats|AC00110|20230616|601000|Achats de matieres premieres|||AC068589|20230616|FACT 250220 DALKIA FRANCE|1667,66|0,00|||20230622||
AC|Achats|AC00110|20230616|416000|Clients douteux|||AC068589|20230616|FACT 250220 DALKIA FRANCE|0,00|1667,66|||20230622||
AC|Achats|AC00111|20230222|626000|Frais postaux et de telecommunications|||AC024898|20230222|FACT 250125 FOURNITURES BUREAU|1130,34|0,00|||20230226||
AC|Achats|AC00111|20230222|438200|Charges sociales sur conges a payer|||AC024898|20230222|FACT 250125 FOURNITURES BUREAU|0,00|1130,34|||20230226||
AC|Achats|AC00112|20230724|627000|Services bancaires et assimiles|||AC078914|20230724|FACT 250202 PAPETERIE EXPRESS|1297,77|0,00|||20230727||
AC|Achats|AC00112|20230724|416000|Clients douteux|||AC078914|20230724|FACT 250202 PAPETERIE EXPRESS|0,00|1297,77|||20230727||
AC|Achats|AC00113|20230811|621000|Personnel exterieur a l'entreprise|||AC088411|20230811|FACT 250219 PAPETERIE EXPRESS|1228,08|0,00|||20230815||
AC|Achats|AC00113|20230811|518700|Interets courus a recevoir|||AC088411|20230811|FACT 250219 PAPETERIE EXPRESS|0,00|1228,08|||20230815||
AC|Achats|AC00114|20230529|626000|Frais postaux et de telecommunications|||AC056337|20230529|FACT 250203 PAPETERIE EXPRESS|381,92|0,00|||20230602||
AC|Achats|AC00114|20230529|518700|Interets courus a recevoir|||AC056337|20230529|FACT 250203 PAPETERIE EXPRESS|0,00|381,92|||20230602||
AC|Achats|AC00115|20230207|606400|Fournitures administratives|||AC023869|20230207|FACT 250115 TELECOM SAS|1761,10|0,00|||20230209||
AC|Achats|AC00115|20230207|487000|Produits constates d'avance|||AC023869|20230207|FACT 250115 TELECOM SAS|0,00|1761,10|||20230209||
AC|Achats|AC00116|20231229|601000|Achats de matieres premieres|||AC127678|20231229|FACT 250119 TELECOM SAS|192,21|0,00|||20231231||
AC|Achats|AC00116|20231229|437000|Autres organismes sociaux|||AC127678|20231229|FACT 250119 TELECOM SAS|0,00|192,21|||20231231||
AC|Achats|AC00117|20230602|601000|Achats de matieres premieres|||AC063016|20230602|FACT 250202 TELECOM SAS|80,50|0,00|||20230607||
AC|Achats|AC00117|20230602|508000|Interets courus sur VMP|||AC063016|20230602|FACT 250202 TELECOM SAS|0,00|80,50|||20230607||
AC|Achats|AC00118|20230504|614000|Charges locatives|||AC051332|20230504|FACT 250225 PAPETERIE EXPRESS|18,81|0,00|||20230506||
AC|Achats|AC00118|20230504|401000|Fournisseurs|F00003|FOURNITURES BUREAU DIRECT|AC051332|20230504|FACT 250225 PAPETERIE EXPRESS|0,00|18,81|H4|20231201|20230506||
AC|Achats|AC00119|20230126|608500|Frais accessoires d'achat|||AC018533|20230126|FACT 250223 TELECOM SAS|1959,15|0,00|||20230130||
AC|Achats|AC00119|20230126|518700|Interets courus a recevoir|||AC018533|20230126|FACT 250223 TELECOM SAS|0,00|1959,15|||20230130||
AC|Achats|AC00120|20231211|615600|Maintenance|||AC128942|20231211|FACT 250224 ELECTRICITE DE FRANCE|105,86|0,00|||20231211||
AC|Achats|AC00120|20231211|437000|Autres organismes sociaux|||AC128942|20231211|FACT 250224 ELECTRICITE DE FRANCE|0,00|105,86|||20231211||
AC|Achats|AC00121|20230627|606100|Electricite, gaz, eau|||AC066443|20230627|FACT 250112 FOURNITURES BUREAU|144,59|0,00|||20230704||
AC|Achats|AC00121|20230627|511000|Valeurs a l'encaissement|||AC066443|20230627|FACT 250112 FOURNITURES BUREAU|0,00|144,59|||20230704||
AC|Achats|AC00122|20231108|625100|Voyages et deplacements|||AC114690|20231108|FACT 250208 DALKIA FRANCE|1794,53|0,00|||20231111||
AC|Achats|AC00122|20231108|431000|Securite sociale|||AC114690|20231108|FACT 250208 DALKIA FRANCE|0,00|1794,53|||20231111||
AC|Achats|AC00123|20230505|602100|Achats de matieres consommables|||AC056011|20230505|FACT 250128 PAPETERIE EXPRESS|846,99|0,00|||20230509||
AC|Achats|AC00123|20230505|413000|Clients - Effets a recevoir|||AC056011|20230505|FACT 250128 PAPETERIE EXPRESS|0,00|846,99|||20230509||
AC|Achats|AC00124|20230704|613500|Locations mobilieres|||AC076978|20230704|FACT 250204 FOURNITURES BUREAU|602,96|0,00|||20230709||
AC|Achats|AC00124|20230704|445510|TVA a decaisser|||AC076978|20230704|FACT 250204 FOURNITURES BUREAU|0,00|602,96|||20230709||
AC|Achats|AC00125|20230112|615500|Entretien et reparations sur biens mobiliers|||AC017870|20230112|FACT 250212 DALKIA FRANCE|613,31|0,00|||20230117||
AC|Achats|AC00125|20230112|508000|Interets courus sur VMP|||AC017870|20230112|FACT 250212 DALKIA FRANCE|0,00|613,31|||20230117||
AC|Achats|AC00126|20230310|601000|Achats de matieres premieres|||AC034033|20230310|FACT 250110 DALKIA FRANCE|1362,79|0,00|||20230316||
AC|Achats|AC00126|20230310|408100|Fournisseurs - Factures non parvenues|||AC034033|20230310|FACT 250110 DALKIA FRANCE|0,00|1362,79|||20230316||
AC|Achats|AC00127|20230427|602100|Achats de matieres consommables|||AC043427|20230427|FACT 250227 DALKIA FRANCE|1318,36|0,00|||20230503||
AC|Achats|AC00127|20230429|508000|Interets courus sur VMP|||AC043427|20230427|FACT 250227 DALKIA FRANCE|0,00|1318,36|||20230503||
AC|Achats|AC00128|20230703|613200|Locations immobilieres|||OD098027|20230703|FACT 250120 DALKIA FRANCE|763,55|0,00|||20230709||
AC|Achats|AC00128|20230703|438200|Charges sociales sur conges a payer|||AC071292|20230703|FACT 250120 DALKIA FRANCE|0,00|763,55|||20230709||
AC|Achats|AC00129|20231123|621000|Personnel exterieur a l'entreprise|||AC119754|20231123|FACT 250218 ELECTRICITE DE FRANCE|1147,30|0,00|||20231128||
AC|Achats|AC00129|20231123|421000|Personnel - Remunerations dues|||AC119754|20231123|FACT 250218 ELECTRICITE DE FRANCE|0,00|1147,30|||20231128||
AC|Achats|AC00130|20230413|602100|Achats de matieres consommables|||AC047129|20230413|FACT 250225 PAPETERIE EXPRESS|1744,74|0,00|||20230420||
AC|Achats|AC00130|20230413|445870|TVA sur factures a etablir|||AC047129|20230413|FACT 250225 PAPETERIE EXPRESS|0,00|1744,74|||20230420||
AC|Achats|AC00131|20230323|628100|Concours divers (cotisations...)|||AC031201|20230323|FACT 250125 DALKIA FRANCE|1406,79|0,00|||20230327||
AC|Achats|AC00131|20230323|580000|Virements internes|||AC031201|20230323|FACT 250125 DALKIA FRANCE|0,00|1406,79|||20230327||
AC|Achats|AC00132|20230915|623000|Publicite, publications, relations publiques|||AC098777|20230915|FACT 250124 FOURNITURES BUREAU|1596,75|0,00|||20230915||
AC|Achats|AC00132|20230915|508000|Interets courus sur VMP|||AC098777|20230915|FACT 250124 FOURNITURES BUREAU|0,00|1596,75|||20230915||
AC|Achats|AC00133|20230927|625700|Receptions|||AC098734|20230927|FACT 250218 FOURNITURES BUREAU|1169,45|0,00|||20230928||
AC|Achats|AC00133|20230927|441000|Etat - Impot sur les benefices|||AC098734|20230927|FACT 250218 FOURNITURES BUREAU|0,00|1169,45|||20230928||
AC|Achats|AC00134|20230119|602200|Achats de fournitures consommables|||AC011146|20230119|FACT 250212 PAPETERIE EXPRESS|890,75|0,00|||20230125||
AC|Achats|AC00134|20230119|441000|Etat - Impot sur les benefices|||AC011146|20230119|FACT 250212 PAPETERIE EXPRESS|0,00|890,75|||20230125||
AC|Achats|AC00135|20231020|623400|Cadeaux a la clientele|||AC106841|20231020|FACT 250216 PAPETERIE EXPRESS|351,98|0,00|||20231022||
AC|Achats|AC00135|20231020|590000|Depreciation des valeurs mobilieres de placement|||AC106841|20231020|FACT 250216 PAPETERIE EXPRESS|0,00|351,98|||20231022||
AC|Achats|AC00136|20230505|622600|Honoraires|||AC056720|20230505|FACT 250131 FOURNITURES BUREAU|29,20|0,00|||20230510||
AC|Achats|AC00136|20230505|411000|Clients|C00001|CLIENT ALPHA|AC056720|20230505|FACT 250131 FOURNITURES BUREAU|0,00|29,20|||20230510||
AC|Achats|AC00137|20230425|615600|Maintenance|||AC041690|20230425|FACT 250110 FOURNITURES BUREAU|99,55|0,00|||20230430||
AC|Achats|AC00137|20230425|419100|Clients - Avances et acomptes recus|||AC041690|20230425|FACT 250110 FOURNITURES BUREAU|0,00|99,55|||20230430||
AC|Achats|AC00138|20230911|618100|Documentation generale|||AC099851|20230911|FACT 250218 PAPETERIE EXPRESS|1250,21|0,00|||20230913||
AC|Achats|AC00138|20230911|421000|Personnel - Remunerations dues|||AC099851|20230911|FACT 250218 PAPETERIE EXPRESS|0,00|1250,21|||20230913||
AC|Achats|AC00139|20231003|615200|Entretien et reparations sur biens immobiliers|||AC104092|20231003|FACT 250108 ELECTRICITE DE FRANCE|1063,59|0,00|||20231008||
AC|Achats|AC00139|20231003|486000|Charges constatees d'avance|||AC104092|20231003|FACT 250108 ELECTRICITE DE FRANCE|0,00|1063,59|||20231008||
AC|Achats|AC00140|20231218|625100|Voyages et deplacements|||AC127182|20231218|FACT 250109 TELECOM SAS|301,90|0,00|||20231221||
AC|Achats|AC00140|20231218|408400|Fournisseurs d'immobilisations - Factures non parvenues|||AC127182|20231218|FACT 250109 TELECOM SAS|0,00|301,90|||20231221||
AC|Achats|AC00141|20230228|608500|Frais accessoires d'achat|||AC024941|20230228|FACT 250115 PAPETERIE EXPRESS|404,06|0,00|||20230306||
AC|Achats|AC00141|20230228|512100|Banque secondaire|||AC024941|20230228|FACT 250115 PAPETERIE EXPRESS|0,00|404,06|||20230306||
AC|Achats|AC00142|20231006|606400|Fournitures administratives|||AC103540|20231006|FACT 250220 TELECOM SAS|964,92|0,00|||20231009||
AC|Achats|AC00142|20231006|418100|Clients - Factures a etablir|||AC103540|20231006|FACT 250220 TELECOM SAS|0,00|964,92|||20231009||
AC|Achats|AC00143|20230224|622600|Honoraires|||AC022926|20230224|FACT 250213 FOURNITURES BUREAU|1893,66|0,00|||20230228||
AC|Achats|AC00143|20230224|403000|Fournisseurs - Effets a payer|||AC022926|20230224|FACT 250213 FOURNITURES BUREAU|0,00|1893,66|||20230228||
AC|Achats|AC00144|20231113|615200|Entretien et reparations sur biens immobiliers|||AC111850|20231113|FACT 250223 DALKIA FRANCE|1707,63|0,00|||20231120||
AC|Achats|AC00144|20231113|425000|Personnel - Avances et acomptes|||AC111850|20231113|FACT 250223 DALKIA FRANCE|0,00|1707,63|||20231120||
AC|Achats|AC00145|20230812|623100|Annonces et insertions|||AC087490|20230807|FACT 250223 ELECTRICITE DE FRANCE|857,20|0,00|||20230813||
AC|Achats|AC00145|20230807|401000|Fournisseurs|F00003|FOURNITURES BUREAU DIRECT|AC087490|20230807|FACT 250223 ELECTRICITE DE FRANCE|0,00|857,20|||20230813||
AC|Achats|AC00146|20230904|623100|Annonces et insertions|||AC094814|20230904|FACT 250225 TELECOM SAS|728,37|0,00|||20230908||
AC|Achats|AC00146|20230904|445660|TVA deductible sur ABS|||AC094814|20230904|FACT 250225 TELECOM SAS|0,00|728,37|||20230908||
AC|Achats|AC00147|20230807|622700|Frais d'actes et de contentieux|||AC089846|20230807|FACT 250112 PAPETERIE EXPRESS|1225,36|0,00|||20230809||
AC|Achats|AC00147|20230807|403000|Fournisseurs - Effets a payer|||AC089846|20230807|FACT 250112 PAPETERIE EXPRESS|0,00|1225,36|||20230809||
AC|Achats|AC00148|20231207|602200|Achats de fournitures consommables|||AC126144|20231207|FACT 250108 FOURNITURES BUREAU|1112,68|0,00|||20231214||
AC|Achats|AC00148|20231207|530000|Caisse|||AC126144|20231207|FACT 250108 FOURNITURES BUREAU|0,00|1112,68|||20231214||
AC|Achats|AC00149|20230116|614000|Charges locatives|||AC016920|20230116|FACT 250208 FOURNITURES BUREAU|1073,53|0,00|||20230122||
AC|Achats|AC00149|20230116|447100|Autres impots, taxes et versements assimiles|||AC016920|20230116|FACT 250208 FOURNITURES BUREAU|0,00|1073,53|||20230122||
AC|Achats|AC00150|20230915|616000|Primes d'assurance|||AC096971|20230915|FACT 250105 TELECOM SAS|236,62|0,00|||20230915||
AC|Achats|AC00150|20230915|512100|Banque secondaire|||AC096971|20230915|FACT 250105 TELECOM SAS|0,00|236,62|||20230915||
AC|Achats|AC00151|20230614|614000|Charges locatives|||AC068966|20230614|FACT 250104 TELECOM SAS|793,36|0,00|||20230621||
AC|Achats|AC00151|20230614|580000|Virements internes|||AC068966|20230614|FACT 250104 TELECOM SAS|0,00|793,36|||20230621||
AC|Achats|AC00152|20231229|622600|Honoraires|||AC122535|20231229|FACT 250218 PAPETERIE EXPRESS|1236,00|0,00|||20231230||
AC|Achats|AC00152|20231229|491000|Depreciation des comptes clients|||AC122535|20231229|FACT 250218 PAPETERIE EXPRESS|0,00|1236,00|||20231230||
AC|Achats|AC00153|20230830|607000|Achats de marchandises|||AC087008|20230830|FACT 250209 FOURNITURES BUREAU|1559,52|0,00|||20230906||
AC|Achats|AC00153|20230830|512000|Banque principale|||AC087008|20230830|FACT 250209 FOURNITURES BUREAU|0,00|1559,52|||20230906||
AC|Achats|AC00154|20230901|606400|Fournitures administratives|||AC096479|20230901|FACT 250210 ELECTRICITE DE FRANCE|653,79|0,00|||20230908||
AC|Achats|AC00154|20230901|425000|Personnel - Avances et acomptes|||AC096479|20230901|FACT 250210 ELECTRICITE DE FRANCE|0,00|653,79|||20230908||
AC|Achats|AC00155|20231023|626000|Frais postaux et de telecommunications|||AC106494|20231023|FACT 250123 ELECTRICITE DE FRANCE|1858,72|0,00|||20231028||
AC|Achats|AC00155|20231023|471000|Compte d'attente|||AC106494|20231023|FACT 250123 ELECTRICITE DE FRANCE|0,00|1858,72|||20231028||
AC|Achats|AC00156|20230512|614000|Charges locatives|||AC052794|20230512|FACT 250115 ELECTRICITE DE FRANCE|836,25|0,00|||20230514||
AC|Achats|AC00156|20230512|416000|Clients douteux|||AC052794|20230512|FACT 250115 ELECTRICITE DE FRANCE|0,00|836,25|||20230514||
AC|Achats|AC00157|20230914|621000|Personnel exterieur a l'entreprise|||AC091795|20230914|FACT 250217 ELECTRICITE DE FRANCE|32,73|0,00|||20230917||
AC|Achats|AC00157|20230914|427000|Personnel - Oppositions|||AC091795|20230914|FACT 250217 ELECTRICITE DE FRANCE|0,00|32,73|||20230917||
AC|Achats|AC00158|20231013|625700|Receptions|||AC107300|20231013|FACT 250108 TELECOM SAS|143,31|0,00|||20231018||
AC|Achats|AC00158|20231013|419100|Clients - Avances et acomptes recus|||AC107300|20231013|FACT 250108 TELECOM SAS|0,00|143,31|||20231018||
AC|Achats|AC00159|20230921|602200|Achats de fournitures consommables|||AC097457|20230921|FACT 250119 TELECOM SAS|229,80|0,00|||20230925||
AC|Achats|AC00159|20230921|451000|Groupe|||AC097457|20230921|FACT 250119 TELECOM SAS|0,00|229,80|||20230925||
AC|Achats|AC00160|20230120|608500|Frais accessoires d'achat|||AC015060|20230120|FACT 250126 ELECTRICITE DE FRANCE|1930,61|0,00|||20230125||
AC|Achats|AC00160|20230120|401000|Fournisseurs|F00003|FOURNITURES BUREAU DIRECT|AC015060|20230120|FACT 250126 ELECTRICITE DE FRANCE|0,00|1930,61|||20230125||
AC|Achats|AC00161|20231225|626000|Frais postaux et de telecommunications|||AC122386|20231225|FACT 250204 FOURNITURES BUREAU|1549,33|0,00|||20231228||
AC|Achats|AC00161|20231225|517000|Autres organismes financiers|||AC122386|20231225|FACT 250204 FOURNITURES BUREAU|0,00|1549,33|||20231228||
AC|Achats|AC00162|20230331|601000|Achats de matieres premieres|||AC038421|20230331|FACT 250207 FOURNITURES BUREAU|1569,03|0,00|||20230403||
AC|Achats|AC00162|20230331|444000|Etat - Impots sur les benefices|||AC038421|20230331|FACT 250207 FOURNITURES BUREAU|0,00|1569,03|||20230403||
BQ|Banque|BQ00001|20230119|615200|Entretien et reparations sur biens immobiliers|||BQ013576|20230119|CB 14/02 FOURNISSEUR|1379,82|0,00|||20230121||
BQ|Banque|BQ00001|20230119|401000|Fournisseurs|F00001|DALKIA FRANCE|BQ013576|20230119|CB 14/02 FOURNISSEUR|0,00|1379,82|||20230121||
BQ|Banque|BQ00002|20230201|518700|Interets courus a recevoir|||BQ025560|20230201|VIREMENT 22/02 REF 68169686|368,28|0,00|||20230208||
BQ|Banque|BQ00002|20230201|408100|Fournisseurs - Factures non parvenues|||BQ025560|20230201|VIREMENT 22/02 REF 68169686|0,00|368,28|||20230208||
BQ|Banque|BQ00003|20230706|781500|Reprises sur provisions pour risques et charges d'exploitation|||BQ072555|20230706|OPERATION BANCAIRE 25/02|305,85|0,00|||20230707||
BQ|Banque|BQ00003|20230706|796000|Transferts de charges financieres|||BQ072555|20230706|OPERATION BANCAIRE 25/02|0,00|305,85|||20230707||
BQ|Banque|BQ00004|20230120|775000|Produits des cessions d'elements d'actif|||BQ016572|20230120|OPERATION BANCAIRE 27/01|1841,59|0,00|||20230121||
BQ|Banque|BQ00004|20230120|647000|Autres charges sociales|||BQ016572|20230120|OPERATION BANCAIRE 27/01|0,00|1841,59|||20230121||
BQ|Banque|BQ00005|20230317|607000|Achats de marchandises|||BQ035903|20230317|CB 05/01 FOURNISSEUR|1599,11|0,00|||20230317||
BQ|Banque|BQ00005|20230317|445870|TVA sur factures a etablir|||BQ035903|20230317|CB 05/01 FOURNISSEUR|0,00|1599,11|||20230317||
BQ|Banque|BQ00006|20231124|614000|Charges locatives|||BQ119208|20231124|CB 03/01 FOURNISSEUR|1616,89|0,00|||20231127||
BQ|Banque|BQ00006|20231124|425000|Personnel - Avances et acomptes|||BQ119208|20231124|CB 03/01 FOURNISSEUR|0,00|1616,89|||20231127||
BQ|Banque|BQ00007|20230202|647000|Autres charges sociales|||BQ025918|20230202|CB 03/02 FOURNISSEUR|459,17|0,00|||20230207||
BQ|Banque|BQ00007|20230202|468600|Charges a payer|||BQ025918|20230202|CB 03/02 FOURNISSEUR|0,00|459,17|||20230207||
BQ|Banque|BQ00008|20231120|419100|Clients - Avances et acomptes recus|||BQ119192|20231120|OPERATION BANCAIRE 27/02|192,77|0,00|||20231127||
BQ|Banque|BQ00008|20231120|675000|Valeurs comptables des elements d'actif cedes|||BQ119192|20231120|OPERATION BANCAIRE 27/02|0,00|192,77|||20231127||
BQ|Banque|BQ00009|20230324|621000|Personnel exterieur a l'entreprise|||BQ031356|20230324|CB 08/02 FOURNISSEUR|1836,72|0,00|||20230328||
BQ|Banque|BQ00009|20230324|408100|Fournisseurs - Factures non parvenues|||BQ031356|20230324|CB 08/02 FOURNISSEUR|0,00|1836,72|||20230328||
BQ|Banque|BQ00010|20230508|695000|Impots sur les benefices|||BQ058182|20230508|CB 10/01 FOURNISSEUR|1535,10|0,00|||20230511||
BQ|Banque|BQ00010|20230508|441000|Etat - Impot sur les benefices|||BQ058182|20230508|CB 10/01 FOURNISSEUR|0,00|1535,10|||20230511||
BQ|Banque|BQ00011|20231031|511000|Valeurs a l'encaissement|||BQ101133|20231031|VIREMENT 10/01 REF 83869053|854,44|0,00|||20231031||
BQ|Banque|BQ00011|20231031|447100|Autres impots, taxes et versements assimiles|||BQ101133|20231031|VIREMENT 10/01 REF 83869053|0,00|854,44|||20231031||
BQ|Banque|BQ00012|20231120|614000|Charges locatives|||BQ111941|20231120|CB 04/02 FOURNISSEUR|533,32|0,00|||20231124||
BQ|Banque|BQ00012|20231120|491000|Depreciation des comptes clients|||BQ111941|20231120|CB 04/02 FOURNISSEUR|0,00|533,32|||20231124||
BQ|Banque|BQ00013|20230318|416000|Clients douteux|||BQ038587|20230314|OPERATION BANCAIRE 06/02|901,14|0,00|||20230314||
BQ|Banque|BQ00013|20230314|671000|Charges exceptionnelles sur operations de gestion|||BQ038587|20230314|OPERATION BANCAIRE 06/02|0,00|901,14|||20230314||
BQ|Banque|BQ00014|20230714|797000|Transferts de charges exceptionnelles|||BQ075881|20230714|OPERATION BANCAIRE 07/02|1055,51|0,00|||20230715||
BQ|Banque|BQ00014|20230714|601000|Achats de matieres premieres|||BQ075881|20230714|OPERATION BANCAIRE 07/02|0,00|1055,51|||20230715||
BQ|Banque|BQ00015|20231101|622600|Honoraires|||BQ113441|20231101|CB 07/02 FOURNISSEUR|1953,89|0,00|||20231101||
BQ|Banque|BQ00015|20231101|580000|Virements internes|||BQ113441|20231101|CB 07/02 FOURNISSEUR|0,00|1953,89|||20231101||
BQ|Banque|BQ00016|20230825|658000|Charges diverses de gestion courante|||BQ083645|20230825|CB 22/01 FOURNISSEUR|1885,58|0,00|||20230901||
BQ|Banque|BQ00016|20230825|445620|TVA deductible sur immobilisations|||BQ083645|20230825|CB 22/01 FOURNISSEUR|0,00|1885,58|||20230901||
BQ|Banque|BQ00017|20230522|615600|Maintenance|||BQ059297|20230522|CB 09/02 FOURNISSEUR|1916,68|0,00|||20230524||
BQ|Banque|BQ00017|20230522|445510|TVA a decaisser|||BQ059297|20230522|CB 09/02 FOURNISSEUR|0,00|1916,68|||20230524||
BQ|Banque|BQ00018|20230407|695000|Impots sur les benefices|||BQ046836|20230407|CB 06/01 FOURNISSEUR|367,12|0,00|||20230409||
BQ|Banque|BQ00018|20230407|445660|TVA deductible sur ABS|||BQ046836|20230407|CB 06/01 FOURNISSEUR|0,00|367,12|||20230409||
BQ|Banque|BQ00019|20230323|762000|Produits des autres immobilisations financieres|||BQ031850|20230323|OPERATION BANCAIRE 27/01|795,59|0,00|||20230327||
BQ|Banque|BQ00019|20230323|518100|Interets courus a payer|||BQ031850|20230323|OPERATION BANCAIRE 27/01|0,00|795,59|||20230327||
BQ|Banque|BQ00020|20231013|613200|Locations immobilieres|||BQ101212|20231013|CB 30/01 FOURNISSEUR|1345,36|0,00|||20231013||
BQ|Banque|BQ00020|20231013|418100|Clients - Factures a etablir|||BQ101212|20231013|CB 30/01 FOURNISSEUR|0,00|1345,36|||20231013||
BQ|Banque|BQ00021|20230726|781500|Reprises sur provisions pour risques et charges d'exploitation|||BQ076711|20230726|OPERATION BANCAIRE 22/02|1434,26|0,00|||20230730||
BQ|Banque|BQ00021|20230726|623100|Annonces et insertions|||BQ076711|20230726|OPERATION BANCAIRE 22/02|0,00|1434,26|||20230730||
BQ|Banque|BQ00022|20230222|681740|Dot. provisions sur creances|||BQ023421|20230222|CB 09/01 FOURNISSEUR|1990,03|0,00|||20230222||
BQ|Banque|BQ00022|20230222|467000|Autres comptes debiteurs ou crediteurs|||BQ023421|20230222|CB 09/01 FOURNISSEUR|0,00|1990,03|||20230222||
BQ|Banque|BQ00023|20231020|706000|Prestations de services|||BQ106557|20231020|OPERATION BANCAIRE 11/01|1188,52|0,00|||20231024||
BQ|Banque|BQ00023|20231020|606400|Fournitures administratives|||BQ106557|20231020|OPERATION BANCAIRE 11/01|0,00|1188,52|||20231024||
BQ|Banque|BQ00024|20230727|681110|Dot. amort. sur immo. incorporelles|||BQ075678|20230727|CB 05/01 FOURNISSEUR|1338,65|0,00|||20230727||
BQ|Banque|BQ00024|20230727|445620|TVA deductible sur immobilisations|||BQ075678|20230727|CB 05/01 FOURNISSEUR|0,00|1338,65|||20230727||
BQ|Banque|BQ00025|20230509|654000|Pertes sur creances irrecouvrables|||BQ054629|20230509|CB 02/01 FOURNISSEUR|1368,62|0,00|||20230514||
BQ|Banque|BQ00025|20230509|514000|Cheques postaux|||BQ054629|20230509|CB 02/01 FOURNISSEUR|0,00|1368,62|||20230514||
BQ|Banque|BQ00026|20230818|511000|Valeurs a l'encaissement|||BQ086109|20230818|VIREMENT 22/01 REF 49252597|706,17|0,00|||20230822||
BQ|Banque|BQ00026|20230818|151000|Provisions pour risques|||BQ086109|20230818|VIREMENT 22/01 REF 49252597|0,00|706,17|||20230822||
BQ|Banque|BQ00027|20230426|740000|Subventions d'exploitation|||BQ046953|20230426|OPERATION BANCAIRE 07/02|839,24|0,00|||20230502||
BQ|Banque|BQ00027|20230426|665000|Escomptes accordes|||BQ046953|20230426|OPERATION BANCAIRE 07/02|0,00|839,24|||20230502||
BQ|Banque|BQ00028|20231013|764000|Revenus des valeurs mobilieres de placement|||BQ103576|20231013|OPERATION BANCAIRE 20/01|579,60|0,00|||20231018||
BQ|Banque|BQ00028|20231013|701000|Ventes de produits finis|||BQ103576|20231013|OPERATION BANCAIRE 20/01|0,00|579,60|||20231018||
BQ|Banque|BQ00029|20230420|601000|Achats de matieres premieres|||BQ044640|20230420|CB 25/02 FOURNISSEUR|778,63|0,00|||20230424||
BQ|Banque|BQ00029|20230420|451000|Groupe|||BQ044640|20230420|CB 25/02 FOURNISSEUR|0,00|778,63|||20230424||
BQ|Banque|BQ00030|20230602|618100|Documentation generale|||BQ066332|20230602|CB 16/01 FOURNISSEUR|57,22|0,00|||20230608||
BQ|Banque|BQ00030|20230602|428200|Personnel - Conges payes|||BQ066332|20230602|CB 16/01 FOURNISSEUR|0,00|57,22|||20230608||
BQ|Banque|BQ00031|20230503|654000|Pertes sur creances irrecouvrables|||BQ058827|20230503|CB 01/02 FOURNISSEUR|1575,01|0,00|||20230505||
BQ|Banque|BQ00031|20230503|444000|Etat - Impots sur les benefices|||BQ058827|20230503|CB 01/02 FOURNISSEUR|0,00|1575,01|||20230505||
BQ|Banque|BQ00032|20230403|408400|Fournisseurs d'immobilisations - Factures non parvenues|||BQ042692|20230403|OPERATION BANCAIRE 15/02|125,74|0,00|||20230407||
BQ|Banque|BQ00032|20230403|445860|TVA sur factures non parvenues|||BQ042692|20230403|OPERATION BANCAIRE 15/02|0,00|125,74|||20230407||
BQ|Banque|BQ00033|20230313|611000|Sous-traitance generale|||BQ031191|20230313|CB 04/02 FOURNISSEUR|744,39|0,00|||20230317||
BQ|Banque|BQ00033|20230313|486000|Charges constatees d'avance|||BQ031191|20230313|CB 04/02 FOURNISSEUR|0,00|744,39|||20230317||
BQ|Banque|BQ00034|20230109|580000|Virements internes|||BQ015792|20230109|VIREMENT 02/01 REF 41459096|736,50|0,00|||20230111||
BQ|Banque|BQ00034|20230109|651000|Redevances pour concessions, brevets, licences, etc.|||BQ015792|20230109|VIREMENT 02/01 REF 41459096|0,00|736,50|||20230111||
BQ|Banque|BQ00035|20230811|612000|Redevances de credit-bail|||BQ082792|20230811|CB 26/02 FOURNISSEUR|1657,14|0,00|||20230815||
BQ|Banque|BQ00035|20230811|508000|Interets courus sur VMP|||BQ082792|20230811|CB 26/02 FOURNISSEUR|0,00|1657,14|||20230815||
BQ|Banque|BQ00036|20230925|626000|Frais postaux et de telecommunications|||BQ095700|20230925|CB 21/02 FOURNISSEUR|1122,18|0,00|||20230926||
BQ|Banque|BQ00036|20230925|427000|Personnel - Oppositions|||BQ095700|20230925|CB 21/02 FOURNISSEUR|0,00|1122,18|||20230926||
BQ|Banque|BQ00037|20231124|762000|Produits des autres immobilisations financieres|||BQ113653|20231124|OPERATION BANCAIRE 22/02|1105,85|0,00|||20231129||
BQ|Banque|BQ00037|20231124|355000|Produits finis (groupe)|||BQ113653|20231124|OPERATION BANCAIRE 22/02|0,00|1105,85|||20231129||
BQ|Banque|BQ00038|20230526|615600|Maintenance|||BQ052467|20230526|CB 13/01 FOURNISSEUR|934,37|0,00|||20230601||
BQ|Banque|BQ00038|20230526|441000|Etat - Impot sur les benefices|||BQ052467|20230526|CB 13/01 FOURNISSEUR|0,00|934,37|||20230601||
BQ|Banque|BQ00039|20230526|625100|Voyages et deplacements|||BQ055554|20230526|CB 24/02 FOURNISSEUR|548,89|0,00|||20230527||
BQ|Banque|BQ00039|20230526|408400|Fournisseurs d'immobilisations - Factures non parvenues|||BQ055554|20230526|CB 24/02 FOURNISSEUR|0,00|548,89|||20230527||
BQ|Banque|BQ00040|20230410|709000|Rabais, remises et ristournes accordes|||BQ044708|20230410|OPERATION BANCAIRE 21/02|1609,43|0,00|||20230415||
BQ|Banque|BQ00040|20230410|621000|Personnel exterieur a l'entreprise|||BQ044708|20230410|OPERATION BANCAIRE 21/02|0,00|1609,43|||20230415||
BQ|Banque|BQ00041|20230821|612000|Redevances de credit-bail|||BQ085990|20230821|CB 25/02 FOURNISSEUR|898,13|0,00|||20230827||
BQ|Banque|BQ00041|20230821|428200|Personnel - Conges payes|||BQ085990|20230821|CB 25/02 FOURNISSEUR|0,00|898,13|||20230827||
BQ|Banque|BQ00042|20231206|664000|Pertes sur cessions de valeurs mobilieres de placement|||BQ121811|20231206|CB 16/01 FOURNISSEUR|58,78|0,00|||20231210||
BQ|Banque|BQ00042|20231206|421000|Personnel - Remunerations dues|||BQ121811|20231206|CB 16/01 FOURNISSEUR|0,00|58,78|||20231210||
BQ|Banque|BQ00043|20231024|777000|Quote-part des subventions d'investissement viree au resultat|||BQ105357|20231024|OPERATION BANCAIRE 25/02|1438,46|0,00|||20231025||
BQ|Banque|BQ00043|20231024|613200|Locations immobilieres|||BQ105357|20231024|OPERATION BANCAIRE 25/02|0,00|1438,46|||20231025||
BQ|Banque|BQ00044|20230803|771000|Produits exceptionnels sur operations de gestion|||BQ088537|20230803|OPERATION BANCAIRE 16/01|1065,05|0,00|||20230809||
BQ|Banque|BQ00044|20230803|626000|Frais postaux et de telecommunications|||BQ088537|20230803|OPERATION BANCAIRE 16/01|0,00|1065,05|||20230809||
BQ|Banque|BQ00045|20230714|530000|Caisse|||BQ071365|20230714|VIREMENT 22/01 REF 26664038|290,35|0,00|||20230715||
BQ|Banque|BQ00045|20230714|467000|Autres comptes debiteurs ou crediteurs|||BQ071365|20230714|VIREMENT 22/01 REF 26664038|0,00|290,35|||20230715||
BQ|Banque|BQ00046|20230810|786500|Reprises sur provisions pour risques et charges financiers|||BQ087989|20230810|OPERATION BANCAIRE 16/02|713,40|0,00|||20230816||
BQ|Banque|BQ00046|20230810|740000|Subventions d'exploitation|||BQ087989|20230810|OPERATION BANCAIRE 16/02|0,00|713,40|||20230816||
BQ|Banque|BQ00047|20231011|796000|Transferts de charges financieres|||BQ107262|20231011|OPERATION BANCAIRE 14/01|689,40|0,00|||20231015||
BQ|Banque|BQ00047|20231011|106800|Autres reserves|||BQ107262|20231011|OPERATION BANCAIRE 14/01|0,00|689,40|||20231015||
BQ|Banque|BQ00048|20230911|615500|Entretien et reparations sur biens mobiliers|||BQ097606|20230911|CB 26/02 FOURNISSEUR|1830,65|0,00|||20230911||
BQ|Banque|BQ00048|20230911|416000|Clients douteux|||BQ097606|20230911|CB 26/02 FOURNISSEUR|0,00|1830,65|||20230911||
BQ|Banque|BQ00049|20230313|615600|Maintenance|||BQ032545|20230313|CB 30/01 FOURNISSEUR|1711,94|0,00|||20230319||
BQ|Banque|BQ00049|20230313|517000|Autres organismes financiers|||BQ032545|20230313|CB 30/01 FOURNISSEUR|0,00|1711,94|||20230319||
BQ|Banque|BQ00050|20230110|642000|Remunerations des dirigeants|||BQ014858|20230110|CB 07/01 FOURNISSEUR|384,71|0,00|||20230115||
BQ|Banque|BQ00050|20230110|580000|Virements internes|||BQ014858|20230110|CB 07/01 FOURNISSEUR|0,00|384,71|||20230115||
BQ|Banque|BQ00051|20231229|416000|Clients douteux|||BQ127144|20231229|OPERATION BANCAIRE 14/02|918,42|0,00|||20231230||
BQ|Banque|BQ00051|20231229|797000|Transferts de charges exceptionnelles|||BQ127144|20231229|OPERATION BANCAIRE 14/02|0,00|918,42|||20231230||
BQ|Banque|BQ00052|20221230|764000|Revenus des valeurs mobilieres de placement|||BQ121609|20221230|OPERATION BANCAIRE 20/01|1621,84|0,00|||20230105||
BQ|Banque|BQ00052|20221230|151000|Provisions pour risques|||BQ121609|20221230|OPERATION BANCAIRE 20/01|0,00|1621,84|||20230105||
BQ|Banque|BQ00053|20230411|602100|Achats de matieres consommables|||BQ043665|20230411|CB 22/02 FOURNISSEUR|702,58|0,00|||20230417||
BQ|Banque|BQ00053|20230411|445670|TVA collectee|||BQ043665|20230411|CB 22/02 FOURNISSEUR|0,00|702,58|||20230417||
BQ|Banque|BQ00054|20231229|651000|Redevances pour concessions, brevets, licences, etc.|||BQ128382|20231229|CB 19/02 FOURNISSEUR|209,32|0,00|||20231229||
BQ|Banque|BQ00054|20231229|518700|Interets courus a recevoir|||BQ128382|20231229|CB 19/02 FOURNISSEUR|0,00|209,32|||20231229||
BQ|Banque|BQ00055|20231024|416000|Clients douteux|||BQ106720|20231024|OPERATION BANCAIRE 05/01|665,97|0,00|||20231030||
BQ|Banque|BQ00055|20231024|580000|Virements internes|||BQ106720|20231024|OPERATION BANCAIRE 05/01|0,00|665,97|||20231030||
BQ|Banque|BQ00056|20230705|691000|Participation des salaries aux resultats|||BQ077748|20230705|CB 08/02 FOURNISSEUR|1210,64|0,00|||20230708||
BQ|Banque|BQ00056|20230705|451000|Groupe|||BQ077748|20230705|CB 08/02 FOURNISSEUR|0,00|1210,64|||20230708||
BQ|Banque|BQ00057|20230623|648000|Autres charges de personnel|||BQ066045|20230623|CB 25/01 FOURNISSEUR|1003,31|0,00|||20230626||
BQ|Banque|BQ00057|20230623|445670|TVA collectee|||BQ066045|20230623|CB 25/01 FOURNISSEUR|0,00|1003,31|||20230626||
BQ|Banque|BQ00058|20230123|681740|Dot. provisions sur creances|||BQ013249|20230123|CB 07/02 FOURNISSEUR|272,84|0,00|||20230123||
BQ|Banque|BQ00058|20230123|491000|Depreciation des comptes clients|||BQ013249|20230123|CB 07/02 FOURNISSEUR|0,00|272,84|||20230123||
BQ|Banque|BQ00059|20230120|681120|Dot. amort. sur immo. corporelles|||BQ011579|20230120|CB 10/02 FOURNISSEUR|1166,48|0,00|||20230124||
BQ|Banque|BQ00059|20230120|511000|Valeurs a l'encaissement|||BQ011579|20230120|CB 10/02 FOURNISSEUR|0,00|1166,48|||20230124||
BQ|Banque|BQ00060|20230726|681740|Dot. provisions sur creances|||BQ075343|20230726|CB 05/02 FOURNISSEUR|869,42|0,00|||20230731||
BQ|Banque|BQ00060|20230726|404000|Fournisseurs d'immobilisations|||BQ075343|20230726|CB 05/02 FOURNISSEUR|0,00|869,42|||20230731||
BQ|Banque|BQ00061|20230525|408100|Fournisseurs - Factures non parvenues|||BQ054512|20230525|OPERATION BANCAIRE 24/01|538,48|0,00|||20230530||
BQ|Banque|BQ00061|20230525|606400|Fournitures administratives|||BQ054512|20230525|OPERATION BANCAIRE 24/01|0,00|538,48|||20230530||
BQ|Banque|BQ00062|20230421|613500|Locations mobilieres|||BQ049875|20230421|CB 24/02 FOURNISSEUR|1180,31|0,00|||20230428||
BQ|Banque|BQ00062|20230421|441000|Etat - Impot sur les benefices|||BQ049875|20230421|CB 24/02 FOURNISSEUR|0,00|1180,31|||20230428||
BQ|Banque|BQ00063|20230724|623100|Annonces et insertions|||BQ071908|20230724|CB 13/01 FOURNISSEUR|238,82|0,00|||20230727||
BQ|Banque|BQ00063|20230729|409100|Fournisseurs - Avances et acomptes verses|||BQ071908|20230724|CB 13/01 FOURNISSEUR|0,00|238,82|||20230727||
BQ|Banque|BQ00064|20230410|658000|Charges diverses de gestion courante|||BQ049055|20230410|CB 22/02 FOURNISSEUR|799,26|0,00|||20230410||
BQ|Banque|BQ00064|20230410|445520|TVA due intracommunautaire|||BQ049055|20230410|CB 22/02 FOURNISSEUR|0,00|799,26|||20230410||
BQ|Banque|BQ00065|20230705|625700|Receptions|||BQ077296|20230705|CB 19/02 FOURNISSEUR|926,20|0,00|||20230706||
BQ|Banque|BQ00065|20230705|409100|Fournisseurs - Avances et acomptes verses|||BQ077296|20230705|CB 19/02 FOURNISSEUR|0,00|926,20|||20230706||
BQ|Banque|BQ00066|20230623|661000|Charges d'interets|||BQ064469|20230623|CB 15/02 FOURNISSEUR|1906,91|0,00|||20230630||
BQ|Banque|BQ00066|20230623|409100|Fournisseurs - Avances et acomptes verses|||BQ064469|20230623|CB 15/02 FOURNISSEUR|0,00|1906,91|||20230630||
BQ|Banque|BQ00067|20230303|671000|Charges exceptionnelles sur operations de gestion|||BQ031060|20230303|CB 19/01 FOURNISSEUR|603,10|0,00|||20230306||
BQ|Banque|BQ00067|20230303|401000|Fournisseurs|F00005|BUREAU VERITAS|BQ031060|20230303|CB 19/01 FOURNISSEUR|0,00|603,10|||20230306||
BQ|Banque|BQ00068|20230106|695000|Impots sur les benefices|||BQ012744|20230106|CB 09/02 FOURNISSEUR|1541,94|0,00|||20230107||
BQ|Banque|BQ00068|20230106|411000|Clients|C00002|CLIENT BETA|BQ012744|20230106|CB 09/02 FOURNISSEUR|0,00|1541,94|||20230107||
BQ|Banque|BQ00069|20231222|602260|Achats d'emballages|||VE093376|20231222|CB 16/02 FOURNISSEUR|599,84|0,00|||20231224||
BQ|Banque|BQ00069|20231222|445670|TVA collectee|||BQ128448|20231222|CB 16/02 FOURNISSEUR|0,00|599,84|||20231224||
BQ|Banque|BQ00070|20230505|695000|Impots sur les benefices|||BQ052237|20230505|CB 04/01 FOURNISSEUR|1607,27|0,00|||20230507||
BQ|Banque|BQ00070|20230505|517000|Autres organismes financiers|||BQ052237|20230505|CB 04/01 FOURNISSEUR|0,00|1607,27|||20230507||
BQ|Banque|BQ00071|20231006|613500|Locations mobilieres|||BQ104953|20231006|CB 27/01 FOURNISSEUR|1976,84|0,00|||20231006||
BQ|Banque|BQ00071|20231006|487000|Produits constates d'avance|||BQ104953|20231006|CB 27/01 FOURNISSEUR|0,00|1976,84|||20231006||
BQ|Banque|BQ00072|20230505|665000|Escomptes accordes|||BQ051618|20230505|CB 25/02 FOURNISSEUR|1858,83|0,00|||20230508||
BQ|Banque|BQ00072|20230505|455000|Associes - Comptes courants|||BQ051618|20230505|CB 25/02 FOURNISSEUR|0,00|1858,83|||20230508||
BQ|Banque|BQ00073|20230704|751000|Redevances pour concessions, brevets, licences, etc.|||BQ075409|20230704|OPERATION BANCAIRE 20/01|1312,22|0,00|||20230707||
BQ|Banque|BQ00073|20230704|766000|Gains de change|||BQ075409|20230704|OPERATION BANCAIRE 20/01|0,00|1312,22|||20230707||
BQ|Banque|BQ00074|20230606|681740|Dot. provisions sur creances|||AC087377|20230606|CB 16/02 FOURNISSEUR|1690,81|0,00|||20230610||
BQ|Banque|BQ00074|20230606|416000|Clients douteux|||BQ068679|20230606|CB 16/02 FOURNISSEUR|0,00|1690,81|||20230610||
BQ|Banque|BQ00075|20231124|781500|Reprises sur provisions pour risques et charges d'exploitation|||BQ119471|20231124|OPERATION BANCAIRE 01/01|1965,49|0,00|||20231201||
BQ|Banque|BQ00075|20231124|451000|Groupe|||BQ119471|20231124|OPERATION BANCAIRE 01/01|0,00|1965,49|||20231201||
BQ|Banque|BQ00076|20231222|761000|Produits de participations|||BQ128754|20231222|OPERATION BANCAIRE 15/01|169,34|0,00|||20231229||
BQ|Banque|BQ00076|20231222|796000|Transferts de charges financieres|||BQ128754|20231222|OPERATION BANCAIRE 15/01|0,00|169,34|||20231229||
BQ|Banque|BQ00077|20231016|642000|Remunerations des dirigeants|||BQ108047|20231016|CB 22/02 FOURNISSEUR|1665,82|0,00|||20231021||
BQ|Banque|BQ00077|20231016|425000|Personnel - Avances et acomptes|||BQ108047|20231016|CB 22/02 FOURNISSEUR|0,00|1665,82|||20231021||
BQ|Banque|BQ00078|20230929|751000|Redevances pour concessions, brevets, licences, etc.|||BQ095169|20230929|OPERATION BANCAIRE 04/02|403,00|0,00|||20231002||
BQ|Banque|BQ00078|20230929|647000|Autres charges sociales|||BQ095169|20230929|OPERATION BANCAIRE 04/02|0,00|403,00|||20231002||
BQ|Banque|BQ00079|20230725|762000|Produits des autres immobilisations financieres|||BQ077205|20230725|OPERATION BANCAIRE 07/02|1909,15|0,00|||20230727||
BQ|Banque|BQ00079|20230725|281540|Amort. materiel industriel|||BQ077205|20230725|OPERATION BANCAIRE 07/02|0,00|1909,15|||20230727||
BQ|Banque|BQ00080|20230414|764000|Revenus des valeurs mobilieres de placement|||BQ044425|20230414|OPERATION BANCAIRE 26/02|1446,05|0,00|||20230415||
BQ|Banque|BQ00080|20230414|707000|Ventes de marchandises|||BQ044425|20230414|OPERATION BANCAIRE 26/02|0,00|1446,05|||20230415||
BQ|Banque|BQ00081|20230308|767000|Produits nets sur cessions de valeurs mobilieres de placement|||BQ035484|20230308|OPERATION BANCAIRE 27/01|1584,34|0,00|||20230309||
BQ|Banque|BQ00081|20230308|611000|Sous-traitance generale|||BQ035484|20230308|OPERATION BANCAIRE 27/01|0,00|1584,34|||20230309||
BQ|Banque|BQ00082|20230512|517000|Autres organismes financiers|||BQ056042|20230512|VIREMENT 25/01 REF 33909963|531,63|0,00|||20230513||
BQ|Banque|BQ00082|20230512|691000|Participation des salaries aux resultats|||BQ056042|20230512|VIREMENT 25/01 REF 33909963|0,00|531,63|||20230513||
BQ|Banque|BQ00083|20230102|602260|Achats d'emballages|||BQ011409|20230102|CB 18/02 FOURNISSEUR|364,55|0,00|||20230109||
BQ|Banque|BQ00083|20230102|445510|TVA a decaisser|||BQ011409|20230102|CB 18/02 FOURNISSEUR|0,00|364,55|||20230109||
BQ|Banque|BQ00084|20230703|416000|Clients douteux|||BQ077343|20230703|OPERATION BANCAIRE 04/01|900,82|0,00|||20230710||
BQ|Banque|BQ00084|20230703|763000|Revenus des autres creances|||BQ077343|20230703|OPERATION BANCAIRE 04/01|0,00|900,82|||20230710||
BQ|Banque|BQ00085|20231116|618100|Documentation generale|||BQ115781|20231116|CB 30/01 FOURNISSEUR|181,74|0,00|||20231120||
BQ|Banque|BQ00085|20231116|427000|Personnel - Oppositions|||BQ115781|20231116|CB 30/01 FOURNISSEUR|0,00|181,74|||20231120||
BQ|Banque|BQ00086|20230323|530000|Caisse|||BQ039961|20230323|VIREMENT 02/02 REF 63412066|807,82|0,00|||20230325||
BQ|Banque|BQ00086|20230323|622600|Honoraires|||BQ039961|20230323|VIREMENT 02/02 REF 63412066|0,00|807,82|||20230325||
BQ|Banque|BQ00087|20231103|762000|Produits des autres immobilisations financieres|||BQ114071|20231103|OPERATION BANCAIRE 11/02|1103,19|0,00|||20231108||
BQ|Banque|BQ00087|20231103|511000|Valeurs a l'encaissement|||BQ114071|20231103|OPERATION BANCAIRE 11/02|0,00|1103,19|||20231108||
BQ|Banque|BQ00088|20231110|511000|Valeurs a l'encaissement|||BQ116661|20231110|VIREMENT 06/02 REF 62822785|589,92|0,00|||20231114||
BQ|Banque|BQ00088|20231110|666000|Pertes de change|||BQ116661|20231110|VIREMENT 06/02 REF 62822785|0,00|589,92|||20231114||
BQ|Banque|BQ00089|20230811|695000|Impots sur les benefices|||BQ086132|20230811|CB 10/02 FOURNISSEUR|1147,39|0,00|||20230811||
BQ|Banque|BQ00089|20230811|487000|Produits constates d'avance|||BQ086132|20230811|CB 10/02 FOURNISSEUR|0,00|1147,39|||20230811||
BQ|Banque|BQ00090|20230711|664000|Pertes sur cessions de valeurs mobilieres de placement|||BQ073698|20230711|CB 17/02 FOURNISSEUR|329,04|0,00|||20230711||
BQ|Banque|BQ00090|20230711|404000|Fournisseurs d'immobilisations|||BQ073698|20230711|CB 17/02 FOURNISSEUR|0,00|329,04|||20230711||
BQ|Banque|BQ00091|20230701|681740|Dot. provisions sur creances|||BQ069021|20230630|CB 11/02 FOURNISSEUR|457,38|0,00|||20230703||
BQ|Banque|BQ00091|20230630|445520|TVA due intracommunautaire|||BQ069021|20230630|CB 11/02 FOURNISSEUR|0,00|457,38|||20230703||
BQ|Banque|BQ00092|20230502|418100|Clients - Factures a etablir|||BQ056051|20230502|OPERATION BANCAIRE 24/02|512,05|0,00|||20230506||
BQ|Banque|BQ00092|20230502|695000|Impots sur les benefices|||BQ056051|20230502|OPERATION BANCAIRE 24/02|0,00|512,05|||20230506||
BQ|Banque|BQ00093|20231030|408100|Fournisseurs - Factures non parvenues|||BQ103595|20231030|OPERATION BANCAIRE 08/02|371,36|0,00|||20231101||
BQ|Banque|BQ00093|20231030|445870|TVA sur factures a etablir|||BQ103595|20231030|OPERATION BANCAIRE 08/02|0,00|371,36|||20231101||
BQ|Banque|BQ00094|20230721|681110|Dot. amort. sur immo. incorporelles|||BQ071945|20230721|CB 16/01 FOURNISSEUR|1585,49|0,00|||20230726||
BQ|Banque|BQ00094|20230721|428200|Personnel - Conges payes|||BQ071945|20230721|CB 16/01 FOURNISSEUR|0,00|1585,49|||20230726||
BQ|Banque|BQ00095|20230131|707000|Ventes de marchandises|||BQ013453|20230131|OPERATION BANCAIRE 18/02|1229,22|0,00|||20230205||
BQ|Banque|BQ00095|20230131|487000|Produits constates d'avance|||BQ013453|20230131|OPERATION BANCAIRE 18/02|0,00|1229,22|||20230205||
BQ|Banque|BQ00096|20230404|580000|Virements internes|||BQ042565|20230404|VIREMENT 13/01 REF 92193403|598,94|0,00|||20230410||
BQ|Banque|BQ00096|20230404|675000|Valeurs comptables des elements d'actif cedes|||BQ042565|20230404|VIREMENT 13/01 REF 92193403|0,00|598,94|||20230410||
BQ|Banque|BQ00097|20230908|401000|Fournisseurs|F00009|NETTOYAGE SERVICE|BQ099983|20230908|OPERATION BANCAIRE 20/01|2611,87|0,00|H5|20231207|20230911||
BQ|Banque|BQ00097|20230908|512100|Banque secondaire|||BQ099983|20230908|OPERATION BANCAIRE 20/01|0,00|2611,87|||20230911||
BQ|Banque|BQ00098|20231020|771000|Produits exceptionnels sur operations de gestion|||BQ107456|20231020|OPERATION BANCAIRE 09/02|1317,91|0,00|||20231024||
BQ|Banque|BQ00098|20231020|281310|Amort. batiments|||BQ107456|20231020|OPERATION BANCAIRE 09/02|0,00|1317,91|||20231024||
BQ|Banque|BQ00099|20230519|401000|Fournisseurs|F00009|NETTOYAGE SERVICE|BQ054142|20230519|OPERATION BANCAIRE 09/01|4139,88|0,00|||20230519||
BQ|Banque|BQ00099|20230519|580000|Virements internes|||BQ054142|20230519|OPERATION BANCAIRE 09/01|0,00|4139,88|||20230519||
BQ|Banque|BQ00100|20230211|771000|Produits exceptionnels sur operations de gestion|||BQ029628|20230210|OPERATION BANCAIRE 28/01|1012,79|0,00|||20230210||
BQ|Banque|BQ00100|20230210|281810|Amort. installations generales|||BQ029628|20230210|OPERATION BANCAIRE 28/01|0,00|1012,79|||20230210||
BQ|Banque|BQ00101|20230315|709000|Rabais, remises et ristournes accordes|||BQ038001|20230315|OPERATION BANCAIRE 11/02|484,80|0,00|||20230317||
BQ|Banque|BQ00101|20230315|106100|Reserve legale|||BQ038001|20230315|OPERATION BANCAIRE 11/02|0,00|484,80|||20230317||
BQ|Banque|BQ00102|20230703|401000|Fournisseurs|F00007|ASSURANCE GENERALI|BQ073515|20230703|OPERATION BANCAIRE 24/01|9880,62|0,00|||20230710||
BQ|Banque|BQ00102|20230703|508000|Interets courus sur VMP|||BQ073515|20230703|OPERATION BANCAIRE 24/01|0,00|9880,62|||20230710||
BQ|Banque|BQ00103|20230303|781740|Reprises sur provisions sur creances|||BQ038363|20230303|OPERATION BANCAIRE 08/01|244,59|0,00|||20230304||
BQ|Banque|BQ00103|20230303|428200|Personnel - Conges payes|||BQ038363|20230303|OPERATION BANCAIRE 08/01|0,00|244,59|||20230304||
BQ|Banque|BQ00104|20230918|645000|Charges de securite sociale et de prevoyance|||BQ093652|20230918|CB 27/01 FOURNISSEUR|106,93|0,00|||20230923||
BQ|Banque|BQ00104|20230918|401000|Fournisseurs|F00010|ELECTRICITE DE FRANCE|BQ093652|20230918|CB 27/01 FOURNISSEUR|0,00|106,93|||20230923||
BQ|Banque|BQ00105|20230719|626000|Frais postaux et de telecommunications|||BQ079278|20230719|CB 29/01 FOURNISSEUR|809,16|0,00|||20230723||
BQ|Banque|BQ00105|20230719|409100|Fournisseurs - Avances et acomptes verses|||BQ079278|20230719|CB 29/01 FOURNISSEUR|0,00|809,16|||20230723||
BQ|Banque|BQ00106|20231102|616000|Primes d'assurance|||BQ112414|20231102|CB 06/01 FOURNISSEUR|177,22|0,00|||20231103||
BQ|Banque|BQ00106|20231102|409100|Fournisseurs - Avances et acomptes verses|||BQ112414|20231102|CB 06/01 FOURNISSEUR|0,00|177,22|||20231103||
BQ|Banque|BQ00107|20230710|602200|Achats de fournitures consommables|||BQ072430|20230710|CB 05/01 FOURNISSEUR|1823,39|0,00|||20230717||
BQ|Banque|BQ00107|20230710|508000|Interets courus sur VMP|||BQ072430|20230710|CB 05/01 FOURNISSEUR|0,00|1823,39|||20230717||
BQ|Banque|BQ00108|20231228|675000|Valeurs comptables des elements d'actif cedes|||BQ125603|20231228|CB 03/02 FOURNISSEUR|1025,47|0,00|||20231228||
BQ|Banque|BQ00108|20231228|467000|Autres comptes debiteurs ou crediteurs|||BQ125603|20231228|CB 03/02 FOURNISSEUR|0,00|1025,47|||20231228||
BQ|Banque|BQ00109|20231110|766000|Gains de change|||BQ112617|20231110|OPERATION BANCAIRE 26/01|813,08|0,00|||20231115||
BQ|Banque|BQ00109|20231110|467000|Autres comptes debiteurs ou crediteurs|||BQ112617|20231110|OPERATION BANCAIRE 26/01|0,00|813,08|||20231115||
BQ|Banque|BQ00110|20230724|631000|Impots, taxes et versements assimiles sur remunerations|||BQ079737|20230724|CB 22/02 FOURNISSEUR|1366,54|0,00|||20230731||
BQ|Banque|BQ00110|20230724|508000|Interets courus sur VMP|||BQ079737|20230724|CB 22/02 FOURNISSEUR|0,00|1366,54|||20230731||
BQ|Banque|BQ00111|20230509|601000|Achats de matieres premieres|||BQ054172|20230509|CB 25/01 FOURNISSEUR|888,70|0,00|||20230516||
BQ|Banque|BQ00111|20230509|511000|Valeurs a l'encaissement|||BQ054172|20230509|CB 25/01 FOURNISSEUR|0,00|888,70|||20230516||
BQ|Banque|BQ00112|20231010|618500|Frais de colloques, seminaires, conferences|||BQ102630|20231010|CB 10/02 FOURNISSEUR|1270,60|0,00|||20231012||
BQ|Banque|BQ00112|20231010|438200|Charges sociales sur conges a payer|||BQ102630|20231010|CB 10/02 FOURNISSEUR|0,00|1270,60|||20231012||
BQ|Banque|BQ00113|20230929|762000|Produits des autres immobilisations financieres|||BQ093489|20230929|OPERATION BANCAIRE 01/01|507,25|0,00|||20231006||
BQ|Banque|BQ00113|20230929|401000|Fournisseurs|F00007|ASSURANCE GENERALI|BQ093489|20230929|OPERATION BANCAIRE 01/01|0,00|507,25|||20231006||
BQ|Banque|BQ00114|20230616|751000|Redevances pour concessions, brevets, licences, etc.|||BQ061092|20230616|OPERATION BANCAIRE 18/01|1274,94|0,00|||20230618||
BQ|Banque|BQ00114|20230616|709000|Rabais, remises et ristournes accordes|||BQ061092|20230616|OPERATION BANCAIRE 18/01|0,00|1274,94|||20230618||
BQ|Banque|BQ00115|20231002|616000|Primes d'assurance|||BQ106494|20231002|CB 18/01 FOURNISSEUR|1815,78|0,00|||20231007||
BQ|Banque|BQ00115|20231007|428200|Personnel - Conges payes|||BQ106494|20231002|CB 18/01 FOURNISSEUR|0,00|1815,78|||20231007||
BQ|Banque|BQ00116|20230310|606300|Fournitures d'entretien et petit equipement|||BQ037719|20230310|CB 10/01 FOURNISSEUR|324,81|0,00|||20230312||
BQ|Banque|BQ00116|20230310|512000|Banque principale|||BQ037719|20230310|CB 10/01 FOURNISSEUR|0,00|324,81|||20230312||
BQ|Banque|BQ00117|20230623|608500|Frais accessoires d'achat|||BQ069849|20230623|CB 18/02 FOURNISSEUR|570,60|0,00|||20230630||
BQ|Banque|BQ00117|20230623|511000|Valeurs a l'encaissement|||BQ069849|20230623|CB 18/02 FOURNISSEUR|0,00|570,60|||20230630||
BQ|Banque|BQ00118|20230911|781740|Reprises sur provisions sur creances|||BQ095888|20230911|OPERATION BANCAIRE 17/02|938,12|0,00|||20230913||
BQ|Banque|BQ00118|20230911|281540|Amort. materiel industriel|||BQ095888|20230911|OPERATION BANCAIRE 17/02|0,00|938,12|||20230913||
BQ|Banque|BQ00119|20231122|416000|Clients douteux|||BQ115899|20231122|OPERATION BANCAIRE 13/01|798,33|0,00|||20231129||
BQ|Banque|BQ00119|20231122|635000|Autres impots, taxes et versements assimiles|||BQ115899|20231122|OPERATION BANCAIRE 13/01|0,00|798,33|||20231129||
BQ|Banque|BQ00120|20231201|798000|Integration fiscale - Produits|||BQ128939|20231201|OPERATION BANCAIRE 05/01|214,20|0,00|||20231208||
BQ|Banque|BQ00120|20231201|762000|Produits des autres immobilisations financieres|||BQ128939|20231201|OPERATION BANCAIRE 05/01|0,00|214,20|||20231208||
BQ|Banque|BQ00121|20231106|508000|Interets courus sur VMP|||BQ113562|20231106|VIREMENT 15/02 REF 35091765|834,44|0,00|||20231112||
BQ|Banque|BQ00121|20231106|471000|Compte d'attente|||BQ113562|20231106|VIREMENT 15/02 REF 35091765|0,00|834,44|||20231112||
BQ|Banque|BQ00122|20230317|781740|Reprises sur provisions sur creances|||BQ031330|20230317|OPERATION BANCAIRE 11/01|637,58|0,00|||20230324||
BQ|Banque|BQ00122|20230317|445510|TVA a decaisser|||BQ031330|20230317|OPERATION BANCAIRE 11/01|0,00|637,58|||20230324||
BQ|Banque|BQ00123|20230801|681740|Dot. provisions sur creances|||BQ084782|20230801|CB 19/02 FOURNISSEUR|105,04|0,00|||20230801||
BQ|Banque|BQ00123|20230801|511000|Valeurs a l'encaissement|||BQ084782|20230801|CB 19/02 FOURNISSEUR|0,00|105,04|||20230801||
BQ|Banque|BQ00124|20231124|763000|Revenus des autres creances|||BQ118220|20231124|OPERATION BANCAIRE 11/01|1742,59|0,00|||20231129||
BQ|Banque|BQ00124|20231124|681500|Dot. provisions pour risques et charges d'exploitation|||BQ118220|20231124|OPERATION BANCAIRE 11/01|0,00|1742,59|||20231129||
BQ|Banque|BQ00125|20231213|681500|Dot. provisions pour risques et charges d'exploitation|||BQ122667|20231213|CB 12/02 FOURNISSEUR|1655,91|0,00|||20231213||
BQ|Banque|BQ00125|20231213|486000|Charges constatees d'avance|||BQ122667|20231213|CB 12/02 FOURNISSEUR|0,00|1655,91|||20231213||
BQ|Banque|BQ00126|20230519|713000|Variation des stocks|||BQ051990|20230519|OPERATION BANCAIRE 05/01|357,96|0,00|||20230525||
BQ|Banque|BQ00126|20230519|445620|TVA deductible sur immobilisations|||BQ051990|20230519|OPERATION BANCAIRE 05/01|0,00|357,96|||20230525||
BQ|Banque|BQ00127|20231129|642000|Remunerations des dirigeants|||BQ111411|20231129|CB 20/01 FOURNISSEUR|990,69|0,00|||20231130||
BQ|Banque|BQ00127|20231129|487000|Produits constates d'avance|||BQ111411|20231129|CB 20/01 FOURNISSEUR|0,00|990,69|||20231130||
BQ|Banque|BQ00128|20230224|687000|Dot. amort. et provisions exceptionnels|||BQ023601|20230224|CB 07/02 FOURNISSEUR|629,84|0,00|||20230303||
BQ|Banque|BQ00128|20230224|518100|Interets courus a payer|||BQ023601|20230224|CB 07/02 FOURNISSEUR|0,00|629,84|||20230303||
BQ|Banque|BQ00129|20230421|625100|Voyages et deplacements|||BQ043634|20230421|CB 16/02 FOURNISSEUR|533,88|0,00|||20230422||
BQ|Banque|BQ00129|20230421|437000|Autres organismes sociaux|||BQ043634|20230421|CB 16/02 FOURNISSEUR|0,00|533,88|||20230422||
BQ|Banque|BQ00130|20230609|514000|Cheques postaux|||BQ064611|20230609|VIREMENT 17/01 REF 90892072|645,15|0,00|||20230611||
BQ|Banque|BQ00130|20230609|651000|Redevances pour concessions, brevets, licences, etc.|||BQ064611|20230609|VIREMENT 17/01 REF 90892072|0,00|645,15|||20230611||
BQ|Banque|BQ00131|20231025|623400|Cadeaux a la clientele|||BQ107537|20231025|CB 01/02 FOURNISSEUR|1748,21|0,00|||20231031||
BQ|Banque|BQ00131|20231025|471000|Compte d'attente|||BQ107537|20231025|CB 01/02 FOURNISSEUR|0,00|1748,21|||20231031||
BQ|Banque|BQ00132|20230804|616000|Primes d'assurance|||BQ085451|20230804|CB 17/02 FOURNISSEUR|491,34|0,00|||20230805||
BQ|Banque|BQ00132|20230804|403000|Fournisseurs - Effets a payer|||BQ085451|20230804|CB 17/02 FOURNISSEUR|0,00|491,34|||20230805||
BQ|Banque|BQ00133|20231222|642000|Remunerations des dirigeants|||BQ128546|20231222|CB 18/02 FOURNISSEUR|651,91|0,00|||20231229||
BQ|Banque|BQ00133|20231222|517000|Autres organismes financiers|||BQ128546|20231222|CB 18/02 FOURNISSEUR|0,00|651,91|||20231229||
BQ|Banque|BQ00134|20230217|512000|Banque principale|||BQ027722|20230217|VIREMENT 02/01 REF 43700720|6111,26|0,00|||20230221||
BQ|Banque|BQ00134|20230217|211000|Terrains|||BQ027722|20230217|VIREMENT 02/01 REF 43700720|0,00|6111,26|||20230221||
BQ|Banque|BQ00135|20230124|618100|Documentation generale|||BQ015990|20230124|CB 19/02 FOURNISSEUR|1832,92|0,00|||20230124||
BQ|Banque|BQ00135|20230124|408400|Fournisseurs d'immobilisations - Factures non parvenues|||BQ015990|20230124|CB 19/02 FOURNISSEUR|0,00|1832,92|||20230124||
BQ|Banque|BQ00136|20230929|512100|Banque secondaire|||BQ099007|20230929|VIREMENT 18/02 REF 54624877|907,50|0,00|||20231004||
BQ|Banque|BQ00136|20230929|419100|Clients - Avances et acomptes recus|||BQ099007|20230929|VIREMENT 18/02 REF 54624877|0,00|907,50|||20231004||
BQ|Banque|BQ00137|20230210|622600|Honoraires|||BQ025171|20230210|CB 01/01 FOURNISSEUR|1209,21|0,00|||20230213||
BQ|Banque|BQ00137|20230210|418100|Clients - Factures a etablir|||BQ025171|20230210|CB 01/01 FOURNISSEUR|0,00|1209,21|||20230213||
BQ|Banque|BQ00138|20230929|658000|Charges diverses de gestion courante|||BQ091100|20230929|CB 08/01 FOURNISSEUR|1497,22|0,00|||20231005||
BQ|Banque|BQ00138|20230929|447100|Autres impots, taxes et versements assimiles|||BQ091100|20230929|CB 08/01 FOURNISSEUR|0,00|1497,22|||20231005||
BQ|Banque|BQ00139|20230724|511000|Valeurs a l'encaissement|||BQ075887|20230724|VIREMENT 07/01 REF 97152665|926,26|0,00|||20230731||
BQ|Banque|BQ00139|20230724|635000|Autres impots, taxes et versements assimiles|||BQ075887|20230724|VIREMENT 07/01 REF 97152665|0,00|926,26|||20230731||
BQ|Banque|BQ00140|20230320|403000|Fournisseurs - Effets a payer|||BQ034200|20230320|OPERATION BANCAIRE 19/02|245,67|0,00|||20230326||
BQ|Banque|BQ00140|20230320|281830|Amort. materiel de bureau|||BQ034200|20230320|OPERATION BANCAIRE 19/02|0,00|245,67|||20230326||
BQ|Banque|BQ00141|20230901|615600|Maintenance|||BQ092129|20230901|CB 14/01 FOURNISSEUR|572,61|0,00|||20230904||
BQ|Banque|BQ00141|20230901|441000|Etat - Impot sur les benefices|||BQ092129|20230901|CB 14/01 FOURNISSEUR|0,00|572,61|||20230904||
BQ|Banque|BQ00142|20230830|625700|Receptions|||BQ085052|20230830|CB 11/01 FOURNISSEUR|920,81|0,00|||20230901||
BQ|Banque|BQ00142|20230830|511000|Valeurs a l'encaissement|||BQ085052|20230830|CB 11/01 FOURNISSEUR|0,00|920,81|||20230901||
BQ|Banque|BQ00143|20230915|686500|Dot. provisions pour risques et charges financiers|||BQ099183|20230915|CB 08/01 FOURNISSEUR|1973,99|0,00|||20230915||
BQ|Banque|BQ00143|20230915|511000|Valeurs a l'encaissement|||BQ099183|20230915|CB 08/01 FOURNISSEUR|0,00|1973,99|||20230915||
BQ|Banque|BQ00144|20231017|590000|Depreciation des valeurs mobilieres de placement|||BQ101390|20231017|VIREMENT 08/02 REF 30204368|945,70|0,00|||20231018||
BQ|Banque|BQ00144|20231017|633000|Impots, taxes et versements assimiles sur remunerations (autres organismes)|||BQ101390|20231017|VIREMENT 08/02 REF 30204368|0,00|945,70|||20231018||
BQ|Banque|BQ00145|20231006|611000|Sous-traitance generale|||BQ109630|20231006|CB 26/02 FOURNISSEUR|1616,49|0,00|||20231012||
BQ|Banque|BQ00145|20231006|441000|Etat - Impot sur les benefices|||BQ109630|20231006|CB 26/02 FOURNISSEUR|0,00|1616,49|||20231012||
BQ|Banque|BQ00146|20230324|751000|Redevances pour concessions, brevets, licences, etc.|||BQ031450|20230324|OPERATION BANCAIRE 28/01|1886,51|0,00|||20230324||
BQ|Banque|BQ00146|20230324|281810|Amort. installations generales|||BQ031450|20230324|OPERATION BANCAIRE 28/01|0,00|1886,51|||20230324||
BQ|Banque|BQ00147|20230331|647000|Autres charges sociales|||BQ035564|20230331|CB 27/01 FOURNISSEUR|1470,69|0,00|||20230404||
BQ|Banque|BQ00147|20230331|427000|Personnel - Oppositions|||BQ035564|20230331|CB 27/01 FOURNISSEUR|0,00|1470,69|||20230404||
BQ|Banque|BQ00148|20230615|607000|Achats de marchandises|||BQ064246|20230615|CB 25/02 FOURNISSEUR|1782,73|0,00|||20230617||
BQ|Banque|BQ00148|20230615|491000|Depreciation des comptes clients|||BQ064246|20230615|CB 25/02 FOURNISSEUR|0,00|1782,73|||20230617||
BQ|Banque|BQ00149|20230602|606100|Electricite, gaz, eau|||BQ061749|20230602|CB 16/01 FOURNISSEUR|1919,52|0,00|||20230605||
BQ|Banque|BQ00149|20230602|444000|Etat - Impots sur les benefices|||BQ061749|20230602|CB 16/01 FOURNISSEUR|0,00|1919,52|||20230605||
BQ|Banque|BQ00150|20230106|781740|Reprises sur provisions sur creances|||BQ012689|20230106|OPERATION BANCAIRE 02/02|119,01|0,00|||20230107||
BQ|Banque|BQ00150|20230106|168800|Interets courus sur emprunts|||BQ012689|20230106|OPERATION BANCAIRE 02/02|0,00|119,01|||20230107||
BQ|Banque|BQ00151|20231101|681120|Dot. amort. sur immo. corporelles|||BQ114657|20231101|CB 27/01 FOURNISSEUR|75,58|0,00|||20231101||
BQ|Banque|BQ00151|20231101|403000|Fournisseurs - Effets a payer|||BQ114657|20231101|CB 27/01 FOURNISSEUR|0,00|75,58|||20231101||
BQ|Banque|BQ00152|20230808|622700|Frais d'actes et de contentieux|||BQ081878|20230808|CB 27/01 FOURNISSEUR|1965,69|0,00|||20230811||
BQ|Banque|BQ00152|20230808|500000|Valeurs mobilieres de placement|||BQ081878|20230808|CB 27/01 FOURNISSEUR|0,00|1965,69|||20230811||
BQ|Banque|BQ00153|20230728|602200|Achats de fournitures consommables|||BQ077543|20230728|CB 30/01 FOURNISSEUR|925,08|0,00|||20230802||
BQ|Banque|BQ00153|20230728|445520|TVA due intracommunautaire|||BQ077543|20230728|CB 30/01 FOURNISSEUR|0,00|925,08|||20230802||
BQ|Banque|BQ00154|20230714|766000|Gains de change|||BQ076566|20230714|OPERATION BANCAIRE 25/01|656,86|0,00|||20230721||
BQ|Banque|BQ00154|20230714|622700|Frais d'actes et de contentieux|||BQ076566|20230714|OPERATION BANCAIRE 25/01|0,00|656,86|||20230721||
BQ|Banque|BQ00155|20231120|602200|Achats de fournitures consommables|||BQ116915|20231120|CB 21/01 FOURNISSEUR|1978,68|0,00|||20231123||
BQ|Banque|BQ00155|20231120|445710|TVA collectee a payer|||BQ116915|20231120|CB 21/01 FOURNISSEUR|0,00|1978,68|||20231123||
BQ|Banque|BQ00156|20230313|623400|Cadeaux a la clientele|||BQ031060|20230313|CB 24/02 FOURNISSEUR|1421,52|0,00|||20230319||
BQ|Banque|BQ00156|20230318|411000|Clients|C00005|CLIENT EPSILON|BQ031060|20230313|CB 24/02 FOURNISSEUR|0,00|1421,52|||20230319||
BQ|Banque|BQ00157|20231117|518700|Interets courus a recevoir|||BQ116881|20231117|VIREMENT 04/01 REF 41438744|894,09|0,00|||20231121||
BQ|Banque|BQ00157|20231117|781500|Reprises sur provisions pour risques et charges d'exploitation|||BQ116881|20231117|VIREMENT 04/01 REF 41438744|0,00|894,09|||20231121||
BQ|Banque|BQ00158|20230807|664000|Pertes sur cessions de valeurs mobilieres de placement|||BQ084454|20230807|CB 03/01 FOURNISSEUR|847,71|0,00|||20230808||
BQ|Banque|BQ00158|20230807|471000|Compte d'attente|||BQ084454|20230807|CB 03/01 FOURNISSEUR|0,00|847,71|||20230808||
BQ|Banque|BQ00159|20230512|791000|Transferts de charges d'exploitation|||BQ056262|20230512|OPERATION BANCAIRE 11/02|225,37|0,00|||20230513||
BQ|Banque|BQ00159|20230512|445510|TVA a decaisser|||BQ056262|20230512|OPERATION BANCAIRE 11/02|0,00|225,37|||20230513||
BQ|Banque|BQ00160|20230915|666000|Pertes de change|||BQ098373|20230915|CB 05/01 FOURNISSEUR|958,55|0,00|||20230915||
BQ|Banque|BQ00160|20230915|486000|Charges constatees d'avance|||BQ098373|20230915|CB 05/01 FOURNISSEUR|0,00|958,55|||20230915||
BQ|Banque|BQ00161|20230609|767000|Produits nets sur cessions de valeurs mobilieres de placement|||BQ068231|20230609|OPERATION BANCAIRE 18/01|868,33|0,00|||20230615||
BQ|Banque|BQ00161|20230609|201000|Frais d'etablissement|||BQ068231|20230609|OPERATION BANCAIRE 18/01|0,00|868,33|||20230615||
BQ|Banque|BQ00162|20231027|606400|Fournitures administratives|||BQ105407|20231027|CB 02/01 FOURNISSEUR|1827,74|0,00|||20231027||
BQ|Banque|BQ00162|20231027|471000|Compte d'attente|||BQ105407|20231027|CB 02/01 FOURNISSEUR|0,00|1827,74|||20231027||
BQ|Banque|BQ00163|20230210|675000|Valeurs comptables des elements d'actif cedes|||BQ021432|20230210|CB 07/02 FOURNISSEUR|1329,32|0,00|||20230211||
BQ|Banque|BQ00163|20230210|411000|Clients|C00003|CLIENT GAMMA|BQ021432|20230210|CB 07/02 FOURNISSEUR|0,00|1329,32|||20230211||
BQ|Banque|BQ00164|20231103|606300|Fournitures d'entretien et petit equipement|||BQ115610|20231103|CB 01/01 FOURNISSEUR|1907,61|0,00|||20231109||
BQ|Banque|BQ00164|20231103|431000|Securite sociale|||BQ115610|20231103|CB 01/01 FOURNISSEUR|0,00|1907,61|||20231109||
BQ|Banque|BQ00165|20231019|409100|Fournisseurs - Avances et acomptes verses|||BQ109328|20231019|OPERATION BANCAIRE 11/01|658,88|0,00|||20231025||
BQ|Banque|BQ00165|20231019|213500|Installations generales, agencements|||BQ109328|20231019|OPERATION BANCAIRE 11/01|0,00|658,88|||20231025||
BQ|Banque|BQ00166|20230919|695000|Impots sur les benefices|||BQ095607|20230919|CB 13/01 FOURNISSEUR|1775,52|0,00|||20230922||
BQ|Banque|BQ00166|20230919|580000|Virements internes|||BQ095607|20230919|CB 13/01 FOURNISSEUR|0,00|1775,52|||20230922||
BQ|Banque|BQ00167|20230106|709000|Rabais, remises et ristournes accordes|||BQ016488|20230106|OPERATION BANCAIRE 24/02|1699,18|0,00|||20230110||
BQ|Banque|BQ00167|20230106|623000|Publicite, publications, relations publiques|||BQ016488|20230106|OPERATION BANCAIRE 24/02|0,00|1699,18|||20230110||
BQ|Banque|BQ00168|20231103|616000|Primes d'assurance|||BQ118703|20231103|CB 15/02 FOURNISSEUR|1744,10|0,00|||20231103||
BQ|Banque|BQ00168|20231103|438200|Charges sociales sur conges a payer|||BQ118703|20231103|CB 15/02 FOURNISSEUR|0,00|1744,10|||20231103||
BQ|Banque|BQ00169|20230904|512100|Banque secondaire|||BQ094419|20230904|VIREMENT 06/01 REF 94342351|163,30|0,00|||20230907||
BQ|Banque|BQ00169|20230904|615200|Entretien et reparations sur biens immobiliers|||BQ094419|20230904|VIREMENT 06/01 REF 94342351|0,00|163,30|||20230907||
BQ|Banque|BQ00170|20230313|580000|Virements internes|||BQ033065|20230313|VIREMENT 27/01 REF 11262322|856,46|0,00|||20230320||
BQ|Banque|BQ00170|20230313|281840|Amort. mobilier|||BQ033065|20230313|VIREMENT 27/01 REF 11262322|0,00|856,46|||20230320||
BQ|Banque|BQ00171|20230404|608500|Frais accessoires d'achat|||BQ044692|20230404|CB 07/01 FOURNISSEUR|1169,12|0,00|||20230406||
BQ|Banque|BQ00171|20230404|445710|TVA collectee a payer|||BQ044692|20230404|CB 07/01 FOURNISSEUR|0,00|1169,12|||20230406||
BQ|Banque|BQ00172|20230131|404000|Fournisseurs d'immobilisations|||BQ018630|20230131|OPERATION BANCAIRE 18/02|814,60|0,00|||20230203||
BQ|Banque|BQ00172|20230204|635000|Autres impots, taxes et versements assimiles|||BQ018630|20230131|OPERATION BANCAIRE 18/02|0,00|814,60|||20230203||
CA|Caisse|CA00001|20230926|614000|Charges locatives|||CA093805|20230926|OPERATION DIVERSE 28/01/2025|457,29|0,00|||20231001||
CA|Caisse|CA00001|20230926|530000|Caisse|||CA093805|20230926|OPERATION DIVERSE 28/01/2025|0,00|457,29|||20231001||
CA|Caisse|CA00002|20230922|281830|Amort. materiel de bureau|||CA098446|20230922|OPERATION DIVERSE 31/01/2025|5828,74|0,00|||20230924||
CA|Caisse|CA00002|20230922|404000|Fournisseurs d'immobilisations|||CA098446|20230922|OPERATION DIVERSE 31/01/2025|0,00|5828,74|||20230924||
CA|Caisse|CA00003|20231227|765000|Escomptes obtenus|||CA128440|20231227|OPERATION DIVERSE 11/01/2025|1185,03|0,00|||20231230||
CA|Caisse|CA00003|20231227|218400|Mobilier|||CA128440|20231227|OPERATION DIVERSE 11/01/2025|0,00|1185,03|||20231230||
CA|Caisse|CA00004|20231017|131800|Autres subventions d'investissement|||CA109289|20231017|OPERATION DIVERSE 01/02/2025|493,94|0,00|||20231020||
CA|Caisse|CA00004|20231017|438200|Charges sociales sur conges a payer|||CA109289|20231017|OPERATION DIVERSE 01/02/2025|0,00|493,94|||20231020||
CA|Caisse|CA00005|20230908|500000|Valeurs mobilieres de placement|||CA096095|20230908|OPERATION DIVERSE 22/02/2025|534,60|0,00|||20230912||
CA|Caisse|CA00005|20230908|355000|Produits finis (groupe)|||CA096095|20230908|OPERATION DIVERSE 22/02/2025|0,00|534,60|||20230912||
CA|Caisse|CA00006|20230209|766000|Gains de change|||CA024753|20230209|OPERATION DIVERSE 21/02/2025|413,42|0,00|||20230216||
CA|Caisse|CA00006|20230209|517000|Autres organismes financiers|||CA024753|20230209|OPERATION DIVERSE 21/02/2025|0,00|413,42|||20230216||
CA|Caisse|CA00007|20231020|606400|Fournitures administratives|||CA106467|20231020|OPERATION DIVERSE 28/01/2025|1926,07|0,00|||20231021||
CA|Caisse|CA00007|20231020|471000|Compte d'attente|||CA106467|20231020|OPERATION DIVERSE 28/01/2025|0,00|1926,07|||20231021||
CA|Caisse|CA00008|20231114|709000|Rabais, remises et ristournes accordes|||VE069082|20231114|OPERATION DIVERSE 11/02/2025|1732,56|0,00|||20231114||
CA|Caisse|CA00008|20231114|419100|Clients - Avances et acomptes recus|||CA116480|20231114|OPERATION DIVERSE 11/02/2025|0,00|1732,56|||20231114||
CA|Caisse|CA00009|20230104|445710|TVA collectee a payer|||CA017768|20230104|OPERATION DIVERSE 29/01/2025|821,15|0,00|||20230110||
CA|Caisse|CA00009|20230104|611000|Sous-traitance generale|||CA017768|20230104|OPERATION DIVERSE 29/01/2025|0,00|821,15|||20230110||
CA|Caisse|CA00010|20231031|218200|Materiel de transport|||CA107316|20231031|OPERATION DIVERSE 26/01/2025|14162,30|0,00|||20231106||
CA|Caisse|CA00010|20231031|404000|Fournisseurs d'immobilisations|||CA107316|20231031|OPERATION DIVERSE 26/01/2025|0,00|14162,30|||20231106||
CA|Caisse|CA00011|20230324|404000|Fournisseurs d'immobilisations|||CA032597|20230324|OPERATION DIVERSE 25/01/2025|101,98|0,00|||20230331||
CA|Caisse|CA00011|20230324|775000|Produits des cessions d'elements d'actif|||CA032597|20230324|OPERATION DIVERSE 25/01/2025|0,00|101,98|||20230331||
CA|Caisse|CA00012|20231020|416000|Clients douteux|||CA109318|20231020|OPERATION DIVERSE 02/01/2025|642,02|0,00|||20231022||
CA|Caisse|CA00012|20231020|281540|Amort. materiel industriel|||CA109318|20231020|OPERATION DIVERSE 02/01/2025|0,00|642,02|||20231022||
CA|Caisse|CA00013|20230623|695000|Impots sur les benefices|||CA063134|20230623|OPERATION DIVERSE 14/02/2025|1501,28|0,00|||20230630||
CA|Caisse|CA00013|20230623|413000|Clients - Effets a recevoir|||CA063134|20230623|OPERATION DIVERSE 14/02/2025|0,00|1501,28|||20230630||
CA|Caisse|CA00014|20230609|751000|Redevances pour concessions, brevets, licences, etc.|||CA065978|20230609|OPERATION DIVERSE 03/01/2025|1485,85|0,00|||20230611||
CA|Caisse|CA00014|20230609|213100|Constructions - Batiments|||CA065978|20230609|OPERATION DIVERSE 03/01/2025|0,00|1485,85|||20230611||
CA|Caisse|CA00015|20230616|641000|Remunerations du personnel|||CA064977|20230616|OPERATION DIVERSE 15/02/2025|55,78|0,00|||20230616||
CA|Caisse|CA00015|20230616|445670|TVA collectee|||CA064977|20230616|OPERATION DIVERSE 15/02/2025|0,00|55,78|||20230616||
CA|Caisse|CA00016|20230524|791000|Transferts de charges d'exploitation|||CA054709|20230524|OPERATION DIVERSE 22/02/2025|416,73|0,00|||20230527||
CA|Caisse|CA00016|20230524|765000|Escomptes obtenus|||CA054709|20230524|OPERATION DIVERSE 22/02/2025|0,00|416,73|||20230527||
CA|Caisse|CA00017|20230529|408400|Fournisseurs d'immobilisations - Factures non parvenues|||CA053892|20230529|OPERATION DIVERSE 22/02/2025|554,74|0,00|||20230531||
CA|Caisse|CA00017|20230529|771000|Produits exceptionnels sur operations de gestion|||CA053892|20230529|OPERATION DIVERSE 22/02/2025|0,00|554,74|||20230531||
CA|Caisse|CA00018|20230922|626000|Frais postaux et de telecommunications|||CA099128|20230922|OPERATION DIVERSE 15/02/2025|830,06|0,00|||20230928||
CA|Caisse|CA00018|20230922|428200|Personnel - Conges payes|||CA099128|20230922|OPERATION DIVERSE 15/02/2025|0,00|830,06|||20230928||
CA|Caisse|CA00019|20231208|321000|Matieres consommables|||CA127564|20231208|OPERATION DIVERSE 26/02/2025|888,42|0,00|||20231210||
CA|Caisse|CA00019|20231208|486000|Charges constatees d'avance|||CA127564|20231208|OPERATION DIVERSE 26/02/2025|0,00|888,42|||20231210||
CA|Caisse|CA00020|20230317|618500|Frais de colloques, seminaires, conferences|||CA033451|20230317|OPERATION DIVERSE 13/01/2025|814,00|0,00|||20230317||
CA|Caisse|CA00020|20230317|408400|Fournisseurs d'immobilisations - Factures non parvenues|||CA033451|20230317|OPERATION DIVERSE 13/01/2025|0,00|814,00|||20230317||
CA|Caisse|CA00021|20231222|645000|Charges de securite sociale et de prevoyance|||CA125459|20231222|OPERATION DIVERSE 12/02/2025|1326,51|0,00|||20231227||
CA|Caisse|CA00021|20231222|421000|Personnel - Remunerations dues|||CA125459|20231222|OPERATION DIVERSE 12/02/2025|0,00|1326,51|||20231227||
CA|Caisse|CA00022|20230310|281840|Amort. mobilier|||CA037324|20230310|OPERATION DIVERSE 15/02/2025|11470,34|0,00|||20230310||
CA|Caisse|CA00022|20230310|512100|Banque secondaire|||CA037324|20230310|OPERATION DIVERSE 15/02/2025|0,00|11470,34|||20230310||
CA|Caisse|CA00023|20230811|623400|Cadeaux a la clientele|||CA082305|20230811|OPERATION DIVERSE 25/02/2025|282,83|0,00|||20230815||
CA|Caisse|CA00023|20230811|445520|TVA due intracommunautaire|||CA082305|20230811|OPERATION DIVERSE 25/02/2025|0,00|282,83|||20230815||
CA|Caisse|CA00024|20231220|775000|Produits des cessions d'elements d'actif|||CA128136|20231220|OPERATION DIVERSE 08/01/2025|610,93|0,00|||20231220||
CA|Caisse|CA00024|20231220|512100|Banque secondaire|||CA128136|20231220|OPERATION DIVERSE 08/01/2025|0,00|610,93|||20231220||
CA|Caisse|CA00025|20230922|622600|Honoraires|||CA097017|20230922|OPERATION DIVERSE 02/02/2025|61,20|0,00|||20230922||
CA|Caisse|CA00025|20230922|419100|Clients - Avances et acomptes recus|||CA097017|20230922|OPERATION DIVERSE 02/02/2025|0,00|61,20|||20230922||
CA|Caisse|CA00026|20231117|761000|Produits de participations|||CA116565|20231117|OPERATION DIVERSE 24/01/2025|1266,83|0,00|||20231117||
CA|Caisse|CA00026|20231117|512000|Banque principale|||CA116565|20231117|OPERATION DIVERSE 24/01/2025|0,00|1266,83|||20231117||
CA|Caisse|CA00027|20230407|687000|Dot. amort. et provisions exceptionnels|||CA044248|20230407|OPERATION DIVERSE 03/02/2025|1780,19|0,00|||20230407||
CA|Caisse|CA00027|20230407|445670|TVA collectee|||CA044248|20230407|OPERATION DIVERSE 03/02/2025|0,00|1780,19|||20230407||
CA|Caisse|CA00028|20230825|120000|Resultat de l'exercice|||CA088423|20230825|OPERATION DIVERSE 17/01/2025|381,72|0,00|||20230828||
CA|Caisse|CA00028|20230825|491000|Depreciation des comptes clients|||CA088423|20230825|OPERATION DIVERSE 17/01/2025|0,00|381,72|||20230828||
CA|Caisse|CA00029|20231208|695000|Impots sur les benefices|||VE032936|20231208|OPERATION DIVERSE 03/02/2025|1351,40|0,00|||20231214||
CA|Caisse|CA00029|20231208|445710|TVA collectee a payer|||CA126012|20231208|OPERATION DIVERSE 03/02/2025|0,00|1351,40|||20231214||
CA|Caisse|CA00030|20230512|687000|Dot. amort. et provisions exceptionnels|||CA058878|20230512|OPERATION DIVERSE 11/01/2025|534,54|0,00|||20230512||
CA|Caisse|CA00030|20230512|590000|Depreciation des valeurs mobilieres de placement|||CA058878|20230512|OPERATION DIVERSE 11/01/2025|0,00|534,54|||20230512||
CA|Caisse|CA00031|20230207|311000|Matieres premieres|||CA026032|20230207|OPERATION DIVERSE 13/01/2025|140,97|0,00|||20230211||
CA|Caisse|CA00031|20230207|281810|Amort. installations generales|||CA026032|20230207|OPERATION DIVERSE 13/01/2025|0,00|140,97|||20230211||
CA|Caisse|CA00032|20221230|401000|Fournisseurs|F00002|TELECOM SAS|CA122144|20221230|OPERATION DIVERSE 28/01/2025|4340,41|0,00|||20230101||
CA|Caisse|CA00032|20221230|508000|Interets courus sur VMP|||CA122144|20221230|OPERATION DIVERSE 28/01/2025|0,00|4340,41|||20230101||
CA|Caisse|CA00033|20231221|713000|Variation des stocks|||CA126621|20231221|OPERATION DIVERSE 10/01/2025|1157,26|0,00|||20231221||
CA|Caisse|CA00033|20231221|404000|Fournisseurs d'immobilisations|||CA126621|20231221|OPERATION DIVERSE 10/01/2025|0,00|1157,26|||20231221||
CA|Caisse|CA00034|20231002|370000|Marchandises|||CA106661|20231002|OPERATION DIVERSE 08/02/2025|362,17|0,00|||20231005||
CA|Caisse|CA00034|20231002|615600|Maintenance|||CA106661|20231002|OPERATION DIVERSE 08/02/2025|0,00|362,17|||20231005||
CA|Caisse|CA00035|20230117|612000|Redevances de credit-bail|||CA013387|20230117|OPERATION DIVERSE 04/02/2025|1000,07|0,00|||20230119||
CA|Caisse|CA00035|20230117|441000|Etat - Impot sur les benefices|||CA013387|20230117|OPERATION DIVERSE 04/02/2025|0,00|1000,07|||20230119||
CA|Caisse|CA00036|20230906|771000|Produits exceptionnels sur operations de gestion|||CA096649|20230906|OPERATION DIVERSE 16/01/2025|567,18|0,00|||20230911||
CA|Caisse|CA00036|20230906|281810|Amort. installations generales|||CA096649|20230906|OPERATION DIVERSE 16/01/2025|0,00|567,18|||20230911||
CA|Caisse|CA00037|20231222|487000|Produits constates d'avance|||CA127076|20231222|OPERATION DIVERSE 04/02/2025|573,32|0,00|||20231223||
CA|Caisse|CA00037|20231222|321000|Matieres consommables|||CA127076|20231222|OPERATION DIVERSE 04/02/2025|0,00|573,32|||20231223||
CA|Caisse|CA00038|20230616|445510|TVA a decaisser|||CA062890|20230616|OPERATION DIVERSE 01/01/2025|888,53|0,00|||20230616||
CA|Caisse|CA00038|20230616|580000|Virements internes|||CA062890|20230616|OPERATION DIVERSE 01/01/2025|0,00|888,53|||20230616||
CA|Caisse|CA00039|20230630|698000|Integration fiscale - Charges|||CA061529|20230630|OPERATION DIVERSE 24/01/2025|1545,99|0,00|||20230707||
CA|Caisse|CA00039|20230630|508000|Interets courus sur VMP|||CA061529|20230630|OPERATION DIVERSE 24/01/2025|0,00|1545,99|||20230707||
CA|Caisse|CA00040|20230331|706000|Prestations de services|||CA031927|20230331|OPERATION DIVERSE 12/02/2025|1180,37|0,00|||20230403||
CA|Caisse|CA00040|20230331|671000|Charges exceptionnelles sur operations de gestion|||CA031927|20230331|OPERATION DIVERSE 12/02/2025|0,00|1180,37|||20230403||
CA|Caisse|CA00041|20231208|740000|Subventions d'exploitation|||CA124755|20231208|OPERATION DIVERSE 23/02/2025|920,02|0,00|||20231213||
CA|Caisse|CA00041|20231208|618500|Frais de colloques, seminaires, conferences|||CA124755|20231208|OPERATION DIVERSE 23/02/2025|0,00|920,02|||20231213||
CA|Caisse|CA00042|20230808|601000|Achats de matieres premieres|||CA087024|20230808|OPERATION DIVERSE 22/02/2025|332,08|0,00|||20230814||
CA|Caisse|CA00042|20230808|445510|TVA a decaisser|||CA087024|20230808|OPERATION DIVERSE 22/02/2025|0,00|332,08|||20230814||
CA|Caisse|CA00043|20230519|606400|Fournitures administratives|||CA051657|20230519|OPERATION DIVERSE 31/01/2025|1161,34|0,00|||20230521||
CA|Caisse|CA00043|20230519|445510|TVA a decaisser|||CA051657|20230519|OPERATION DIVERSE 31/01/2025|0,00|1161,34|||20230521||
CA|Caisse|CA00044|20230203|709000|Rabais, remises et ristournes accordes|||CA023502|20230203|OPERATION DIVERSE 03/02/2025|805,15|0,00|||20230207||
CA|Caisse|CA00044|20230203|471000|Compte d'attente|||CA023502|20230203|OPERATION DIVERSE 03/02/2025|0,00|805,15|||20230207||
CA|Caisse|CA00045|20230530|491000|Depreciation des comptes clients|||CA057828|20230530|OPERATION DIVERSE 26/02/2025|401,94|0,00|||20230601||
CA|Caisse|CA00045|20230530|120000|Resultat de l'exercice|||CA057828|20230530|OPERATION DIVERSE 26/02/2025|0,00|401,94|||20230601||
CA|Caisse|CA00046|20230623|622700|Frais d'actes et de contentieux|||CA063257|20230623|OPERATION DIVERSE 10/01/2025|1559,99|0,00|||20230623||
CA|Caisse|CA00046|20230623|419100|Clients - Avances et acomptes recus|||CA063257|20230623|OPERATION DIVERSE 10/01/2025|0,00|1559,99|||20230623||
CA|Caisse|CA00047|20230310|106100|Reserve legale|||CA033312|20230310|OPERATION DIVERSE 14/02/2025|289,09|0,00|||20230317||
CA|Caisse|CA00047|20230310|445860|TVA sur factures non parvenues|||CA033312|20230310|OPERATION DIVERSE 14/02/2025|0,00|289,09|||20230317||
CA|Caisse|CA00048|20231229|500000|Valeurs mobilieres de placement|||CA126694|20231229|OPERATION DIVERSE 02/01/2025|558,08|0,00|||20231230||
CA|Caisse|CA00048|20231229|709000|Rabais, remises et ristournes accordes|||CA126694|20231229|OPERATION DIVERSE 02/01/2025|0,00|558,08|||20231230||
CA|Caisse|CA00049|20231212|764000|Revenus des valeurs mobilieres de placement|||CA127974|20231212|OPERATION DIVERSE 09/01/2025|1047,19|0,00|||20231216||
CA|Caisse|CA00049|20231212|512000|Banque principale|||CA127974|20231212|OPERATION DIVERSE 09/01/2025|0,00|1047,19|||20231216||
CA|Caisse|CA00050|20230817|707000|Ventes de marchandises|||CA088747|20230817|OPERATION DIVERSE 16/01/2025|1847,69|0,00|||20230820||
CA|Caisse|CA00050|20230817|512100|Banque secondaire|||CA088747|20230817|OPERATION DIVERSE 16/01/2025|0,00|1847,69|||20230820||
CA|Caisse|CA00051|20230804|687000|Dot. amort. et provisions exceptionnels|||CA088259|20230804|OPERATION DIVERSE 09/02/2025|605,28|0,00|||20230806||
CA|Caisse|CA00051|20230804|408400|Fournisseurs d'immobilisations - Factures non parvenues|||CA088259|20230804|OPERATION DIVERSE 09/02/2025|0,00|605,28|||20230806||
CA|Caisse|CA00052|20230801|606300|Fournitures d'entretien et petit equipement|||CA086509|20230801|OPERATION DIVERSE 08/01/2025|544,16|0,00|||20230803||
CA|Caisse|CA00052|20230801|431000|Securite sociale|||CA086509|20230801|OPERATION DIVERSE 08/01/2025|0,00|544,16|||20230803||
CA|Caisse|CA00053|20230127|350000|Produits finis|||CA018111|20230127|OPERATION DIVERSE 22/02/2025|391,32|0,00|||20230203||
CA|Caisse|CA00053|20230127|681740|Dot. provisions sur creances|||CA018111|20230127|OPERATION DIVERSE 22/02/2025|0,00|391,32|||20230203||
CA|Caisse|CA00054|20230113|767000|Produits nets sur cessions de valeurs mobilieres de placement|||CA014112|20230113|OPERATION DIVERSE 13/02/2025|673,74|0,00|||20230117||
CA|Caisse|CA00054|20230113|707000|Ventes de marchandises|||CA014112|20230113|OPERATION DIVERSE 13/02/2025|0,00|673,74|||20230117||
CA|Caisse|CA00055|20230323|471000|Compte d'attente|||CA033512|20230323|OPERATION DIVERSE 31/01/2025|556,22|0,00|||20230326||
CA|Caisse|CA00055|20230323|370000|Marchandises|||CA033512|20230323|OPERATION DIVERSE 31/01/2025|0,00|556,22|||20230326||
CA|Caisse|CA00056|20230726|764000|Revenus des valeurs mobilieres de placement|||CA077226|20230726|OPERATION DIVERSE 09/01/2025|1987,55|0,00|||20230726||
CA|Caisse|CA00056|20230726|512100|Banque secondaire|||CA077226|20230726|OPERATION DIVERSE 09/01/2025|0,00|1987,55|||20230726||
CA|Caisse|CA00057|20231201|164000|Emprunts aupres des etablissements de credit|||CA121607|20231201|OPERATION DIVERSE 17/02/2025|926,79|0,00|||20231206||
CA|Caisse|CA00057|20231201|355000|Produits finis (groupe)|||CA121607|20231201|OPERATION DIVERSE 17/02/2025|0,00|926,79|||20231206||
CA|Caisse|CA00058|20230601|371000|Stock de marchandises|||CA065914|20230601|OPERATION DIVERSE 30/01/2025|966,27|0,00|||20230608||
CA|Caisse|CA00058|20230601|695000|Impots sur les benefices|||CA065914|20230601|OPERATION DIVERSE 30/01/2025|0,00|966,27|||20230608||
CA|Caisse|CA00059|20230825|281810|Amort. installations generales|||CA088878|20230825|OPERATION DIVERSE 23/01/2025|18741,93|0,00|||20230830||
CA|Caisse|CA00059|20230825|512100|Banque secondaire|||CA088878|20230825|OPERATION DIVERSE 23/01/2025|0,00|18741,93|||20230830||
CA|Caisse|CA00060|20230602|418100|Clients - Factures a etablir|||CA062132|20230602|OPERATION DIVERSE 06/02/2025|513,35|0,00|||20230606||
CA|Caisse|CA00060|20230602|486000|Charges constatees d'avance|||CA062132|20230602|OPERATION DIVERSE 06/02/2025|0,00|513,35|||20230606||
CA|Caisse|CA00061|20230602|614000|Charges locatives|||CA061739|20230602|OPERATION DIVERSE 27/02/2025|1901,88|0,00|||20230602||
CA|Caisse|CA00061|20230602|512000|Banque principale|||CA061739|20230602|OPERATION DIVERSE 27/02/2025|0,00|1901,88|||20230602||
CA|Caisse|CA00062|20230210|635000|Autres impots, taxes et versements assimiles|||CA021175|20230210|OPERATION DIVERSE 04/02/2025|1768,82|0,00|||20230210||
CA|Caisse|CA00062|20230210|413000|Clients - Effets a recevoir|||CA021175|20230210|OPERATION DIVERSE 04/02/2025|0,00|1768,82|||20230210||
CA|Caisse|CA00063|20230613|530000|Caisse|||CA065048|20230613|OPERATION DIVERSE 26/01/2025|419,09|0,00|||20230616||
CA|Caisse|CA00063|20230613|487000|Produits constates d'avance|||CA065048|20230613|OPERATION DIVERSE 26/01/2025|0,00|419,09|||20230616||
CA|Caisse|CA00064|20230810|681500|Dot. provisions pour risques et charges d'exploitation|||CA088673|20230810|OPERATION DIVERSE 13/01/2025|720,49|0,00|||20230814||
CA|Caisse|CA00064|20230810|419100|Clients - Avances et acomptes recus|||CA088673|20230810|OPERATION DIVERSE 13/01/2025|0,00|720,49|||20230814||
CA|Caisse|CA00065|20230526|623400|Cadeaux a la clientele|||CA054922|20230526|OPERATION DIVERSE 07/01/2025|495,24|0,00|||20230529||
CA|Caisse|CA00065|20230526|441000|Etat - Impot sur les benefices|||CA054922|20230526|OPERATION DIVERSE 07/01/2025|0,00|495,24|||20230529||
CA|Caisse|CA00066|20230808|518100|Interets courus a payer|||CA083475|20230808|OPERATION DIVERSE 26/02/2025|213,13|0,00|||20230810||
CA|Caisse|CA00066|20230808|447100|Autres impots, taxes et versements assimiles|||CA083475|20230808|OPERATION DIVERSE 26/02/2025|0,00|213,13|||20230810||
CA|Caisse|CA00067|20230426|645000|Charges de securite sociale et de prevoyance|||CA047472|20230426|OPERATION DIVERSE 25/02/2025|1823,25|0,00|||20230502||
CA|Caisse|CA00067|20230426|580000|Virements internes|||CA047472|20230426|OPERATION DIVERSE 25/02/2025|0,00|1823,25|||20230502||
CA|Caisse|CA00068|20230621|427000|Personnel - Oppositions|||CA067650|20230621|OPERATION DIVERSE 26/02/2025|48,70|0,00|||20230624||
CA|Caisse|CA00068|20230621|628100|Concours divers (cotisations...)|||CA067650|20230621|OPERATION DIVERSE 26/02/2025|0,00|48,70|||20230624||
CA|Caisse|CA00069|20231201|280500|Amort. logiciels|||CA129856|20231201|OPERATION DIVERSE 05/02/2025|15624,92|0,00|||20231205||
CA|Caisse|CA00069|20231201|512000|Banque principale|||CA129856|20231201|OPERATION DIVERSE 05/02/2025|0,00|15624,92|||20231205||
CA|Caisse|CA00070|20230925|713000|Variation des stocks|||CA091299|20230925|OPERATION DIVERSE 27/01/2025|1188,23|0,00|||20230925||
CA|Caisse|CA00070|20230925|606300|Fournitures d'entretien et petit equipement|||CA091299|20230925|OPERATION DIVERSE 27/01/2025|0,00|1188,23|||20230925||
CA|Caisse|CA00071|20230323|602260|Achats d'emballages|||CA037644|20230323|OPERATION DIVERSE 07/02/2025|1204,48|0,00|||20230327||
CA|Caisse|CA00071|20230323|518700|Interets courus a recevoir|||CA037644|20230323|OPERATION DIVERSE 07/02/2025|0,00|1204,48|||20230327||
CA|Caisse|CA00072|20231004|467000|Autres comptes debiteurs ou crediteurs|||CA109530|20231004|OPERATION DIVERSE 20/02/2025|256,11|0,00|||20231008||
CA|Caisse|CA00072|20231004|612000|Redevances de credit-bail|||CA109530|20231004|OPERATION DIVERSE 20/02/2025|0,00|256,11|||20231008||
CA|Caisse|CA00073|20231106|370000|Marchandises|||CA119850|20231106|OPERATION DIVERSE 16/02/2025|319,16|0,00|||20231106||
CA|Caisse|CA00073|20231106|311000|Matieres premieres|||CA119850|20231106|OPERATION DIVERSE 16/02/2025|0,00|319,16|||20231106||
CA|Caisse|CA00074|20230313|165000|Depots et cautionnements recus|||CA034174|20230313|OPERATION DIVERSE 11/02/2025|785,15|0,00|||20230313||
CA|Caisse|CA00074|20230313|518100|Interets courus a payer|||CA034174|20230313|OPERATION DIVERSE 11/02/2025|0,00|785,15|||20230313||
CA|Caisse|CA00075|20230403|695000|Impots sur les benefices|||CA047016|20230403|OPERATION DIVERSE 05/01/2025|1153,78|0,00|||20230408||
CA|Caisse|CA00075|20230403|518100|Interets courus a payer|||CA047016|20230403|OPERATION DIVERSE 05/01/2025|0,00|1153,78|||20230408||
CA|Caisse|CA00076|20230908|437000|Autres organismes sociaux|||CA094483|20230908|OPERATION DIVERSE 09/01/2025|953,13|0,00|||20230910||
CA|Caisse|CA00076|20230908|763000|Revenus des autres creances|||CA094483|20230908|OPERATION DIVERSE 09/01/2025|0,00|953,13|||20230910||
CA|Caisse|CA00077|20230811|771000|Produits exceptionnels sur operations de gestion|||CA087487|20230811|OPERATION DIVERSE 26/01/2025|1818,18|0,00|||20230811||
CA|Caisse|CA00077|20230811|218400|Mobilier|||CA087487|20230811|OPERATION DIVERSE 26/01/2025|0,00|1818,18|||20230811||
CA|Caisse|CA00078|20230223|416000|Clients douteux|||CA029589|20230223|OPERATION DIVERSE 19/02/2025|21,97|0,00|||20230227||
CA|Caisse|CA00078|20230223|512000|Banque principale|||CA029589|20230223|OPERATION DIVERSE 19/02/2025|0,00|21,97|||20230227||
CA|Caisse|CA00079|20230321|281820|Amort. materiel de transport|||CA035702|20230321|OPERATION DIVERSE 11/01/2025|17986,54|0,00|||20230325||
CA|Caisse|CA00079|20230321|512000|Banque principale|||CA035702|20230321|OPERATION DIVERSE 11/01/2025|0,00|17986,54|||20230325||
CA|Caisse|CA00080|20230929|615200|Entretien et reparations sur biens immobiliers|||CA092646|20230929|OPERATION DIVERSE 20/01/2025|579,93|0,00|||20231006||
CA|Caisse|CA00080|20230929|441000|Etat - Impot sur les benefices|||CA092646|20230929|OPERATION DIVERSE 20/01/2025|0,00|579,93|||20231006||
CA|Caisse|CA00081|20230102|151000|Provisions pour risques|||CA016401|20230102|OPERATION DIVERSE 01/02/2025|966,90|0,00|||20230109||
CA|Caisse|CA00081|20230102|281830|Amort. materiel de bureau|||CA016401|20230102|OPERATION DIVERSE 01/02/2025|0,00|966,90|||20230109||
CA|Caisse|CA00082|20230419|168800|Interets courus sur emprunts|||CA048264|20230419|OPERATION DIVERSE 04/01/2025|244,79|0,00|||20230424||
CA|Caisse|CA00082|20230419|311000|Matieres premieres|||CA048264|20230419|OPERATION DIVERSE 04/01/2025|0,00|244,79|||20230424||
CA|Caisse|CA00083|20230911|518100|Interets courus a payer|||CA091719|20230911|OPERATION DIVERSE 09/02/2025|530,16|0,00|||20230917||
CA|Caisse|CA00083|20230911|648000|Autres charges de personnel|||CA091719|20230911|OPERATION DIVERSE 09/02/2025|0,00|530,16|||20230917||
CA|Caisse|CA00084|20230828|580000|Virements internes|||CA083192|20230828|OPERATION DIVERSE 01/02/2025|522,77|0,00|||20230830||
CA|Caisse|CA00084|20230828|698000|Integration fiscale - Charges|||CA083192|20230828|OPERATION DIVERSE 01/02/2025|0,00|522,77|||20230830||
CA|Caisse|CA00085|20231208|370000|Marchandises|||CA129921|20231208|OPERATION DIVERSE 20/01/2025|913,65|0,00|||20231212||
CA|Caisse|CA00085|20231208|720000|Production immobilisee|||CA129921|20231208|OPERATION DIVERSE 20/01/2025|0,00|913,65|||20231212||
CA|Caisse|CA00086|20230419|418100|Clients - Factures a etablir|||CA045462|20230419|OPERATION DIVERSE 15/02/2025|782,23|0,00|||20230420||
CA|Caisse|CA00086|20230419|530000|Caisse|||CA045462|20230419|OPERATION DIVERSE 15/02/2025|0,00|782,23|||20230420||
CA|Caisse|CA00087|20231114|428200|Personnel - Conges payes|||CA111390|20231114|OPERATION DIVERSE 19/02/2025|353,68|0,00|||20231118||
CA|Caisse|CA00087|20231114|311000|Matieres premieres|||CA111390|20231114|OPERATION DIVERSE 19/02/2025|0,00|353,68|||20231118||
CA|Caisse|CA00088|20230131|215400|Materiel industriel|||CA017312|20230131|OPERATION DIVERSE 15/02/2025|1457,84|0,00|||20230207||
CA|Caisse|CA00088|20230131|512100|Banque secondaire|||CA017312|20230131|OPERATION DIVERSE 15/02/2025|0,00|1457,84|||20230207||
CA|Caisse|CA00089|20230324|707000|Ventes de marchandises|||CA039716|20230324|OPERATION DIVERSE 14/01/2025|1148,89|0,00|||20230330||
CA|Caisse|CA00089|20230324|633000|Impots, taxes et versements assimiles sur remunerations (autres organismes)|||CA039716|20230324|OPERATION DIVERSE 14/01/2025|0,00|1148,89|||20230330||
CA|Caisse|CA00090|20230804|281540|Amort. materiel industriel|||CA088597|20230804|OPERATION DIVERSE 12/02/2025|5636,14|0,00|||20230804||
CA|Caisse|CA00090|20230804|404000|Fournisseurs d'immobilisations|||CA088597|20230804|OPERATION DIVERSE 12/02/2025|0,00|5636,14|||20230804||
CA|Caisse|CA00091|20230526|606100|Electricite, gaz, eau|||CA054344|20230526|OPERATION DIVERSE 18/02/2025|1279,70|0,00|||20230528||
CA|Caisse|CA00091|20230526|425000|Personnel - Avances et acomptes|||CA054344|20230526|OPERATION DIVERSE 18/02/2025|0,00|1279,70|||20230528||
CA|Caisse|CA00092|20231013|231000|Immobilisations corporelles en cours|||CA106663|20231013|OPERATION DIVERSE 14/01/2025|15052,05|0,00|||20231020||
CA|Caisse|CA00092|20231013|404000|Fournisseurs d'immobilisations|||CA106663|20231013|OPERATION DIVERSE 14/01/2025|0,00|15052,05|||20231020||
CA|Caisse|CA00093|20231031|720000|Production immobilisee|||CA107812|20231031|OPERATION DIVERSE 25/01/2025|101,85|0,00|||20231105||
CA|Caisse|CA00093|20231031|698000|Integration fiscale - Charges|||CA107812|20231031|OPERATION DIVERSE 25/01/2025|0,00|101,85|||20231105||
CA|Caisse|CA00094|20231004|445670|TVA collectee|||CA105340|20231004|OPERATION DIVERSE 21/02/2025|481,39|0,00|||20231009||
CA|Caisse|CA00094|20231004|500000|Valeurs mobilieres de placement|||CA105340|20231004|OPERATION DIVERSE 21/02/2025|0,00|481,39|||20231009||
CA|Caisse|CA00095|20230519|622600|Honoraires|||CA052884|20230519|OPERATION DIVERSE 07/02/2025|254,55|0,00|||20230520||
CA|Caisse|CA00095|20230519|447100|Autres impots, taxes et versements assimiles|||CA052884|20230519|OPERATION DIVERSE 07/02/2025|0,00|254,55|||20230520||
CA|Caisse|CA00096|20231229|106100|Reserve legale|||CA121444|20231229|OPERATION DIVERSE 24/01/2025|694,97|0,00|||20231230||
CA|Caisse|CA00096|20231229|654000|Pertes sur creances irrecouvrables|||CA121444|20231229|OPERATION DIVERSE 24/01/2025|0,00|694,97|||20231230||
CA|Caisse|CA00097|20231110|512000|Banque principale|||CA112654|20231110|OPERATION DIVERSE 19/02/2025|2960,64|0,00|||20231115||
CA|Caisse|CA00097|20231110|590000|Depreciation des valeurs mobilieres de placement|||CA112654|20231110|OPERATION DIVERSE 19/02/2025|0,00|2960,64|||20231115||
CA|Caisse|CA00098|20231013|766000|Gains de change|||CA107772|20231013|OPERATION DIVERSE 26/02/2025|1431,73|0,00|||20231019||
CA|Caisse|CA00098|20231014|627000|Services bancaires et assimiles|||CA107772|20231013|OPERATION DIVERSE 26/02/2025|0,00|1431,73|||20231019||
CA|Caisse|CA00099|20231220|607000|Achats de marchandises|||CA125780|20231220|OPERATION DIVERSE 09/01/2025|947,38|0,00|||20231220||
CA|Caisse|CA00099|20231220|445620|TVA deductible sur immobilisations|||CA125780|20231220|OPERATION DIVERSE 09/01/2025|0,00|947,38|||20231220||
CA|Caisse|CA00100|20230707|627000|Services bancaires et assimiles|||CA074007|20230707|OPERATION DIVERSE 18/01/2025|974,99|0,00|||20230713||
CA|Caisse|CA00100|20230707|403000|Fournisseurs - Effets a payer|||CA074007|20230707|OPERATION DIVERSE 18/01/2025|0,00|974,99|||20230713||
CA|Caisse|CA00101|20230426|218100|Installations generales, agencements divers|||CA045964|20230426|OPERATION DIVERSE 20/01/2025|8636,40|0,00|||20230429||
CA|Caisse|CA00101|20230426|404000|Fournisseurs d'immobilisations|||CA045964|20230426|OPERATION DIVERSE 20/01/2025|0,00|8636,40|||20230429||
CA|Caisse|CA00102|20230623|641000|Remunerations du personnel|||CA069467|20230623|OPERATION DIVERSE 29/01/2025|259,77|0,00|||20230628||
CA|Caisse|CA00102|20230623|445710|TVA collectee a payer|||CA069467|20230623|OPERATION DIVERSE 29/01/2025|0,00|259,77|||20230628||
CA|Caisse|CA00103|20231012|791000|Transferts de charges d'exploitation|||CA103296|20231012|OPERATION DIVERSE 08/02/2025|1215,97|0,00|||20231019||
CA|Caisse|CA00103|20231012|621000|Personnel exterieur a l'entreprise|||CA103296|20231012|OPERATION DIVERSE 08/02/2025|0,00|1215,97|||20231019||
CA|Caisse|CA00104|20230213|106100|Reserve legale|||CA027306|20230213|OPERATION DIVERSE 04/02/2025|121,47|0,00|||20230220||
CA|Caisse|CA00104|20230213|218300|Materiel de bureau et informatique|||CA027306|20230213|OPERATION DIVERSE 04/02/2025|0,00|121,47|||20230220||
CA|Caisse|CA00105|20231228|691000|Participation des salaries aux resultats|||CA122567|20231228|OPERATION DIVERSE 14/02/2025|1502,64|0,00|||20231228||
CA|Caisse|CA00105|20231228|403000|Fournisseurs - Effets a payer|||CA122567|20231228|OPERATION DIVERSE 14/02/2025|0,00|1502,64|||20231228||
CA|Caisse|CA00106|20230225|213500|Installations generales, agencements|||CA026593|20230224|OPERATION DIVERSE 05/01/2025|13912,88|0,00|||20230228||
CA|Caisse|CA00106|20230224|512000|Banque principale|||CA026593|20230224|OPERATION DIVERSE 05/01/2025|0,00|13912,88|||20230228||
CA|Caisse|CA00107|20230331|775000|Produits des cessions d'elements d'actif|||CA035143|20230331|OPERATION DIVERSE 14/01/2025|1940,63|0,00|||20230402||
CA|Caisse|CA00107|20230401|616000|Primes d'assurance|||CA035143|20230331|OPERATION DIVERSE 14/01/2025|0,00|1940,63|||20230402||
CA|Caisse|CA00108|20230811|681500|Dot. provisions pour risques et charges d'exploitation|||CA085034|20230811|OPERATION DIVERSE 12/02/2025|463,03|0,00|||20230814||
CA|Caisse|CA00108|20230811|447100|Autres impots, taxes et versements assimiles|||CA085034|20230811|OPERATION DIVERSE 12/02/2025|0,00|463,03|||20230814||
CA|Caisse|CA00109|20231027|623100|Annonces et insertions|||CA108442|20231027|OPERATION DIVERSE 19/01/2025|861,62|0,00|||20231102||
CA|Caisse|CA00109|20231027|409100|Fournisseurs - Avances et acomptes verses|||CA108442|20231027|OPERATION DIVERSE 19/01/2025|0,00|861,62|||20231102||
CA|Caisse|CA00110|20231011|796000|Transferts de charges financieres|||CA101992|20231011|OPERATION DIVERSE 03/02/2025|1519,43|0,00|||20231014||
CA|Caisse|CA00110|20231011|471000|Compte d'attente|||CA101992|20231011|OPERATION DIVERSE 03/02/2025|0,00|1519,43|||20231014||
CA|Caisse|CA00111|20230217|775000|Produits des cessions d'elements d'actif|||CA021841|20230217|OPERATION DIVERSE 20/02/2025|1544,29|0,00|||20230224||
CA|Caisse|CA00111|20230217|445870|TVA sur factures a etablir|||CA021841|20230217|OPERATION DIVERSE 20/02/2025|0,00|1544,29|||20230224||
CA|Caisse|CA00112|20230818|791000|Transferts de charges d'exploitation|||CA088518|20230818|OPERATION DIVERSE 17/02/2025|1434,95|0,00|||20230823||
CA|Caisse|CA00112|20230818|281840|Amort. mobilier|||CA088518|20230818|OPERATION DIVERSE 17/02/2025|0,00|1434,95|||20230823||
CA|Caisse|CA00113|20230224|397100|Depreciation des stocks de marchandises|||CA028719|20230224|OPERATION DIVERSE 16/02/2025|879,06|0,00|||20230301||
CA|Caisse|CA00113|20230224|444000|Etat - Impots sur les benefices|||CA028719|20230224|OPERATION DIVERSE 16/02/2025|0,00|879,06|||20230301||
CA|Caisse|CA00114|20230214|451000|Groupe|||CA027952|20230214|OPERATION DIVERSE 31/01/2025|183,04|0,00|||20230218||
CA|Caisse|CA00114|20230214|642000|Remunerations des dirigeants|||CA027952|20230214|OPERATION DIVERSE 31/01/2025|0,00|183,04|||20230218||
CA|Caisse|CA00115|20230531|601000|Achats de matieres premieres|||CA056235|20230531|OPERATION DIVERSE 29/01/2025|1302,66|0,00|||20230606||
CA|Caisse|CA00115|20230531|441000|Etat - Impot sur les benefices|||CA056235|20230531|OPERATION DIVERSE 29/01/2025|0,00|1302,66|||20230606||
CA|Caisse|CA00116|20230509|511000|Valeurs a l'encaissement|||CA054572|20230509|OPERATION DIVERSE 27/02/2025|577,06|0,00|||20230511||
CA|Caisse|CA00116|20230509|606800|Autres matieres et fournitures|||CA054572|20230509|OPERATION DIVERSE 27/02/2025|0,00|577,06|||20230511||
CA|Caisse|CA00117|20230429|408100|Fournisseurs - Factures non parvenues|||CA048715|20230428|OPERATION DIVERSE 19/01/2025|888,52|0,00|||20230428||
CA|Caisse|CA00117|20230428|120000|Resultat de l'exercice|||CA048715|20230428|OPERATION DIVERSE 19/01/2025|0,00|888,52|||20230428||
CA|Caisse|CA00118|20230727|647000|Autres charges sociales|||CA072316|20230727|OPERATION DIVERSE 21/02/2025|573,76|0,00|||20230728||
CA|Caisse|CA00118|20230727|445870|TVA sur factures a etablir|||CA072316|20230727|OPERATION DIVERSE 21/02/2025|0,00|573,76|||20230728||
CA|Caisse|CA00119|20230404|408400|Fournisseurs d'immobilisations - Factures non parvenues|||CA045453|20230404|OPERATION DIVERSE 22/02/2025|97,64|0,00|||20230404||
CA|Caisse|CA00119|20230404|606400|Fournitures administratives|||CA045453|20230404|OPERATION DIVERSE 22/02/2025|0,00|97,64|||20230404||
CA|Caisse|CA00120|20230504|623400|Cadeaux a la clientele|||CA055131|20230504|OPERATION DIVERSE 10/02/2025|796,90|0,00|||20230511||
CA|Caisse|CA00120|20230504|445870|TVA sur factures a etablir|||CA055131|20230504|OPERATION DIVERSE 10/02/2025|0,00|796,90|||20230511||
CA|Caisse|CA00121|20230216|471000|Compte d'attente|||CA025528|20230216|OPERATION DIVERSE 26/01/2025|578,99|0,00|||20230223||
CA|Caisse|CA00121|20230216|218100|Installations generales, agencements divers|||CA025528|20230216|OPERATION DIVERSE 26/01/2025|0,00|578,99|||20230223||
CA|Caisse|CA00122|20230614|765000|Escomptes obtenus|||CA063645|20230614|OPERATION DIVERSE 12/02/2025|1245,51|0,00|||20230620||
CA|Caisse|CA00122|20230614|781740|Reprises sur provisions sur creances|||CA063645|20230614|OPERATION DIVERSE 12/02/2025|0,00|1245,51|||20230620||
CA|Caisse|CA00123|20230111|781500|Reprises sur provisions pour risques et charges d'exploitation|||CA017050|20230111|OPERATION DIVERSE 02/02/2025|1447,55|0,00|||20230116||
CA|Caisse|CA00123|20230111|601000|Achats de matieres premieres|||CA017050|20230111|OPERATION DIVERSE 02/02/2025|0,00|1447,55|||20230116||
CA|Caisse|CA00124|20230526|623100|Annonces et insertions|||CA052754|20230526|OPERATION DIVERSE 07/02/2025|999,61|0,00|||20230526||
CA|Caisse|CA00124|20230526|416000|Clients douteux|||CA052754|20230526|OPERATION DIVERSE 07/02/2025|0,00|999,61|||20230526||
CA|Caisse|CA00125|20230623|713000|Variation des stocks|||CA062884|20230623|OPERATION DIVERSE 17/02/2025|649,48|0,00|||20230627||
CA|Caisse|CA00125|20230623|751000|Redevances pour concessions, brevets, licences, etc.|||CA062884|20230623|OPERATION DIVERSE 17/02/2025|0,00|649,48|||20230627||
CA|Caisse|CA00126|20230525|281840|Amort. mobilier|||CA058587|20230525|OPERATION DIVERSE 02/02/2025|10656,21|0,00|||20230601||
CA|Caisse|CA00126|20230525|512100|Banque secondaire|||CA058587|20230525|OPERATION DIVERSE 02/02/2025|0,00|10656,21|||20230601||
CA|Caisse|CA00127|20230121|487000|Produits constates d'avance|||CA015362|20230120|OPERATION DIVERSE 03/01/2025|362,04|0,00|||20230125||
CA|Caisse|CA00127|20230120|467000|Autres comptes debiteurs ou crediteurs|||CA015362|20230120|OPERATION DIVERSE 03/01/2025|0,00|362,04|||20230125||
CA|Caisse|CA00128|20231107|518700|Interets courus a recevoir|||CA116203|20231107|OPERATION DIVERSE 22/01/2025|640,84|0,00|||20231111||
CA|Caisse|CA00128|20231107|623100|Annonces et insertions|||CA116203|20231107|OPERATION DIVERSE 22/01/2025|0,00|640,84|||20231111||
CA|Caisse|CA00129|20231124|438200|Charges sociales sur conges a payer|||CA111633|20231124|OPERATION DIVERSE 15/01/2025|650,15|0,00|||20231201||
CA|Caisse|CA00129|20231124|623400|Cadeaux a la clientele|||CA111633|20231124|OPERATION DIVERSE 15/01/2025|0,00|650,15|||20231201||
CA|Caisse|CA00130|20230128|664000|Pertes sur cessions de valeurs mobilieres de placement|||CA018722|20230123|OPERATION DIVERSE 21/02/2025|837,86|0,00|||20230126||
CA|Caisse|CA00130|20230123|403000|Fournisseurs - Effets a payer|||CA018722|20230123|OPERATION DIVERSE 21/02/2025|0,00|837,86|||20230126||
CA|Caisse|CA00131|20230922|411000|Clients|C00009|CLIENT IOTA|CA096503|20230922|OPERATION DIVERSE 30/01/2025|6529,67|0,00|||20230927||
CA|Caisse|CA00131|20230922|218100|Installations generales, agencements divers|||CA096503|20230922|OPERATION DIVERSE 30/01/2025|0,00|6529,67|||20230927||
CA|Caisse|CA00132|20230210|606300|Fournitures d'entretien et petit equipement|||CA096503|20230210|OPERATION DIVERSE 28/01/2025|1736,53|0,00|||20230210||
CA|Caisse|CA00132|20230210|518100|Interets courus a payer|||CA023959|20230210|OPERATION DIVERSE 28/01/2025|0,00|1736,53|||20230210||
CA|Caisse|CA00133|20230310|627000|Services bancaires et assimiles|||CA033379|20230310|OPERATION DIVERSE 06/01/2025|309,77|0,00|||20230310||
CA|Caisse|CA00133|20230310|467000|Autres comptes debiteurs ou crediteurs|||CA033379|20230310|OPERATION DIVERSE 06/01/2025|0,00|309,77|||20230310||
CA|Caisse|CA00134|20230109|642000|Remunerations des dirigeants|||CA018904|20230109|OPERATION DIVERSE 08/02/2025|1131,93|0,00|||20230115||
CA|Caisse|CA00134|20230109|447100|Autres impots, taxes et versements assimiles|||CA018904|20230109|OPERATION DIVERSE 08/02/2025|0,00|1131,93|||20230115||
CA|Caisse|CA00135|20230228|701000|Ventes de produits finis|||CA024675|20230228|OPERATION DIVERSE 04/01/2025|818,63|0,00|||20230303||
CA|Caisse|CA00135|20230228|467000|Autres comptes debiteurs ou crediteurs|||CA024675|20230228|OPERATION DIVERSE 04/01/2025|0,00|818,63|||20230303||
CA|Caisse|CA00136|20231222|120000|Resultat de l'exercice|||CA122167|20231222|OPERATION DIVERSE 24/01/2025|441,59|0,00|||20231224||
CA|Caisse|CA00136|20231222|164000|Emprunts aupres des etablissements de credit|||CA122167|20231222|OPERATION DIVERSE 24/01/2025|0,00|441,59|||20231224||
CA|Caisse|CA00137|20231222|681740|Dot. provisions sur creances|||CA126740|20231222|OPERATION DIVERSE 18/01/2025|958,09|0,00|||20231225||
CA|Caisse|CA00137|20231222|445870|TVA sur factures a etablir|||CA126740|20231222|OPERATION DIVERSE 18/01/2025|0,00|958,09|||20231225||
CA|Caisse|CA00138|20230728|608500|Frais accessoires d'achat|||CA075562|20230728|OPERATION DIVERSE 25/02/2025|227,63|0,00|||20230730||
CA|Caisse|CA00138|20230728|408400|Fournisseurs d'immobilisations - Factures non parvenues|||CA075562|20230728|OPERATION DIVERSE 25/02/2025|0,00|227,63|||20230730||
CA|Caisse|CA00139|20230918|642000|Remunerations des dirigeants|||CA094855|20230918|OPERATION DIVERSE 02/01/2025|744,06|0,00|||20230920||
CA|Caisse|CA00139|20230918|416000|Clients douteux|||CA094855|20230918|OPERATION DIVERSE 02/01/2025|0,00|744,06|||20230920||
CA|Caisse|CA00140|20230629|215400|Materiel industriel|||CA067493|20230629|OPERATION DIVERSE 11/01/2025|7842,29|0,00|||20230701||
CA|Caisse|CA00140|20230629|404000|Fournisseurs d'immobilisations|||CA067493|20230629|OPERATION DIVERSE 11/01/2025|0,00|7842,29|||20230701||
CA|Caisse|CA00141|20230828|151000|Provisions pour risques|||CA082757|20230828|OPERATION DIVERSE 26/01/2025|177,28|0,00|||20230828||
CA|Caisse|CA00141|20230828|602260|Achats d'emballages|||CA082757|20230828|OPERATION DIVERSE 26/01/2025|0,00|177,28|||20230828||
CA|Caisse|CA00142|20230712|764000|Revenus des valeurs mobilieres de placement|||CA079669|20230712|OPERATION DIVERSE 12/01/2025|597,13|0,00|||20230713||
CA|Caisse|CA00142|20230712|445860|TVA sur factures non parvenues|||CA079669|20230712|OPERATION DIVERSE 12/01/2025|0,00|597,13|||20230713||
CA|Caisse|CA00143|20231208|409100|Fournisseurs - Avances et acomptes verses|||CA125514|20231208|OPERATION DIVERSE 15/01/2025|663,54|0,00|||20231210||
CA|Caisse|CA00143|20231208|445870|TVA sur factures a etablir|||CA125514|20231208|OPERATION DIVERSE 15/01/2025|0,00|663,54|||20231210||
CA|Caisse|CA00144|20231222|645000|Charges de securite sociale et de prevoyance|||CA127927|20231222|OPERATION DIVERSE 24/02/2025|1644,75|0,00|||20231223||
CA|Caisse|CA00144|20231222|445670|TVA collectee|||CA127927|20231222|OPERATION DIVERSE 24/02/2025|0,00|1644,75|||20231223||
CA|Caisse|CA00145|20230406|201000|Frais d'etablissement|||CA044779|20230406|OPERATION DIVERSE 26/01/2025|5131,30|0,00|||20230407||
CA|Caisse|CA00145|20230406|512000|Banque principale|||CA044779|20230406|OPERATION DIVERSE 26/01/2025|0,00|5131,30|||20230407||
CA|Caisse|CA00146|20230928|371000|Stock de marchandises|||CA097142|20230928|OPERATION DIVERSE 06/01/2025|533,27|0,00|||20231003||
CA|Caisse|CA00146|20230928|781500|Reprises sur provisions pour risques et charges d'exploitation|||CA097142|20230928|OPERATION DIVERSE 06/01/2025|0,00|533,27|||20231003||
CA|Caisse|CA00147|20230512|618100|Documentation generale|||CA052782|20230512|OPERATION DIVERSE 03/01/2025|16,59|0,00|||20230513||
CA|Caisse|CA00147|20230512|517000|Autres organismes financiers|||CA052782|20230512|OPERATION DIVERSE 03/01/2025|0,00|16,59|||20230513||
CA|Caisse|CA00148|20230830|648000|Autres charges de personnel|||CA086976|20230830|OPERATION DIVERSE 30/01/2025|353,78|0,00|||20230902||
CA|Caisse|CA00148|20230830|445620|TVA deductible sur immobilisations|||CA086976|20230830|OPERATION DIVERSE 30/01/2025|0,00|353,78|||20230902||
CA|Caisse|CA00149|20231009|766000|Gains de change|||CA107029|20231009|OPERATION DIVERSE 12/01/2025|788,82|0,00|||20231013||
CA|Caisse|CA00149|20231009|413000|Clients - Effets a recevoir|||CA107029|20231009|OPERATION DIVERSE 12/01/2025|0,00|788,82|||20231013||
CA|Caisse|CA00150|20230526|280500|Amort. logiciels|||CA052913|20230526|OPERATION DIVERSE 27/02/2025|2448,05|0,00|||20230526||
CA|Caisse|CA00150|20230526|404000|Fournisseurs d'immobilisations|||CA052913|20230526|OPERATION DIVERSE 27/02/2025|0,00|2448,05|||20230526||
CA|Caisse|CA00151|20230421|681110|Dot. amort. sur immo. incorporelles|||CA043262|20230421|OPERATION DIVERSE 21/02/2025|1176,21|0,00|||20230427||
CA|Caisse|CA00151|20230421|445620|TVA deductible sur immobilisations|||CA043262|20230421|OPERATION DIVERSE 21/02/2025|0,00|1176,21|||20230427||
CA|Caisse|CA00152|20231123|781500|Reprises sur provisions pour risques et charges d'exploitation|||CA116199|20231123|OPERATION DIVERSE 10/02/2025|1185,99|0,00|||20231130||
CA|Caisse|CA00152|20231123|681110|Dot. amort. sur immo. incorporelles|||CA116199|20231123|OPERATION DIVERSE 10/02/2025|0,00|1185,99|||20231130||
CA|Caisse|CA00153|20230705|408400|Fournisseurs d'immobilisations - Factures non parvenues|||CA076274|20230705|OPERATION DIVERSE 07/02/2025|367,80|0,00|||20230708||
CA|Caisse|CA00153|20230705|623400|Cadeaux a la clientele|||CA076274|20230705|OPERATION DIVERSE 07/02/2025|0,00|367,80|||20230708||
CA|Caisse|CA00154|20231219|618100|Documentation generale|||CA122827|20231219|OPERATION DIVERSE 04/02/2025|1178,47|0,00|||20231225||
CA|Caisse|CA00154|20231219|445860|TVA sur factures non parvenues|||CA122827|20231219|OPERATION DIVERSE 04/02/2025|0,00|1178,47|||20231225||
CA|Caisse|CA00155|20230922|602100|Achats de matieres consommables|||CA091427|20230922|OPERATION DIVERSE 18/01/2025|1175,35|0,00|||20230923||
CA|Caisse|CA00155|20230922|444000|Etat - Impots sur les benefices|||CA091427|20230922|OPERATION DIVERSE 18/01/2025|0,00|1175,35|||20230923||
CA|Caisse|CA00156|20230310|615200|Entretien et reparations sur biens immobiliers|||CA031259|20230310|OPERATION DIVERSE 15/02/2025|240,52|0,00|||20230313||
CA|Caisse|CA00156|20230310|467000|Autres comptes debiteurs ou crediteurs|||CA031259|20230310|OPERATION DIVERSE 15/02/2025|0,00|240,52|||20230313||
CA|Caisse|CA00157|20230321|428200|Personnel - Conges payes|||CA031151|20230321|OPERATION DIVERSE 18/01/2025|365,85|0,00|||20230328||
CA|Caisse|CA00157|20230321|437000|Autres organismes sociaux|||CA031151|20230321|OPERATION DIVERSE 18/01/2025|0,00|365,85|||20230328||
CA|Caisse|CA00158|20231116|468600|Charges a payer|||CA111455|20231116|OPERATION DIVERSE 22/01/2025|862,60|0,00|||20231117||
CA|Caisse|CA00158|20231116|671000|Charges exceptionnelles sur operations de gestion|||CA111455|20231116|OPERATION DIVERSE 22/01/2025|0,00|862,60|||20231117||
CA|Caisse|CA00159|20230830|623000|Publicite, publications, relations publiques|||CA083438|20230830|OPERATION DIVERSE 09/01/2025|959,82|0,00|||20230902||
CA|Caisse|CA00159|20230830|445520|TVA due intracommunautaire|||CA083438|20230830|OPERATION DIVERSE 09/01/2025|0,00|959,82|||20230902||
CA|Caisse|CA00160|20230807|626000|Frais postaux et de telecommunications|||CA088075|20230807|OPERATION DIVERSE 16/02/2025|1287,94|0,00|||20230814||
CA|Caisse|CA00160|20230807|500000|Valeurs mobilieres de placement|||CA088075|20230807|OPERATION DIVERSE 16/02/2025|0,00|1287,94|||20230814||
CA|Caisse|CA00161|20231017|218400|Mobilier|||CA101319|20231017|OPERATION DIVERSE 09/02/2025|19107,61|0,00|||20231021||
CA|Caisse|CA00161|20231017|404000|Fournisseurs d'immobilisations|||CA101319|20231017|OPERATION DIVERSE 09/02/2025|0,00|19107,61|||20231021||
CA|Caisse|CA00162|20230726|618500|Frais de colloques, seminaires, conferences|||CA072315|20230726|OPERATION DIVERSE 28/01/2025|1103,22|0,00|||20230731||
CA|Caisse|CA00162|20230726|418100|Clients - Factures a etablir|||CA072315|20230726|OPERATION DIVERSE 28/01/2025|0,00|1103,22|||20230731||
CA|Caisse|CA00163|20230520|767000|Produits nets sur cessions de valeurs mobilieres de placement|||CA051994|20230519|OPERATION DIVERSE 17/01/2025|956,71|0,00|||20230524||
CA|Caisse|CA00163|20230519|751000|Redevances pour concessions, brevets, licences, etc.|||CA051994|20230519|OPERATION DIVERSE 17/01/2025|0,00|956,71|||20230524||
CA|Caisse|CA00164|20230908|647000|Autres charges sociales|||CA097267|20230908|OPERATION DIVERSE 02/02/2025|372,72|0,00|||20230915||
CA|Caisse|CA00164|20230908|438200|Charges sociales sur conges a payer|||CA097267|20230908|OPERATION DIVERSE 02/02/2025|0,00|372,72|||20230915||
CA|Caisse|CA00165|20230710|791000|Transferts de charges d'exploitation|||CA076636|20230710|OPERATION DIVERSE 13/02/2025|994,38|0,00|||20230716||
CA|Caisse|CA00165|20230710|438200|Charges sociales sur conges a payer|||CA076636|20230710|OPERATION DIVERSE 13/02/2025|0,00|994,38|||20230716||
CA|Caisse|CA00166|20230804|645000|Charges de securite sociale et de prevoyance|||OD037478|20230804|OPERATION DIVERSE 07/01/2025|1256,65|0,00|||20230811||
CA|Caisse|CA00166|20230804|428200|Personnel - Conges payes|||CA083976|20230804|OPERATION DIVERSE 07/01/2025|0,00|1256,65|||20230811||
CA|Caisse|CA00167|20230623|355000|Produits finis (groupe)|||CA061864|20230623|OPERATION DIVERSE 22/02/2025|636,57|0,00|||20230627||
CA|Caisse|CA00167|20230623|205000|Logiciels|||CA061864|20230623|OPERATION DIVERSE 22/02/2025|0,00|636,57|||20230627||
CA|Caisse|CA00168|20231103|445620|TVA deductible sur immobilisations|||CA111165|20231103|OPERATION DIVERSE 05/01/2025|44,31|0,00|||20231107||
CA|Caisse|CA00168|20231103|765000|Escomptes obtenus|||CA111165|20231103|OPERATION DIVERSE 05/01/2025|0,00|44,31|||20231107||
CA|Caisse|CA00169|20230210|777000|Quote-part des subventions d'investissement viree au resultat|||CA029116|20230210|OPERATION DIVERSE 23/01/2025|393,22|0,00|||20230215||
CA|Caisse|CA00169|20230210|631000|Impots, taxes et versements assimiles sur remunerations|||CA029116|20230210|OPERATION DIVERSE 23/01/2025|0,00|393,22|||20230215||
CA|Caisse|CA00170|20230525|633000|Impots, taxes et versements assimiles sur remunerations (autres organismes)|||CA055716|20230525|OPERATION DIVERSE 16/01/2025|534,89|0,00|||20230526||
CA|Caisse|CA00170|20230525|408100|Fournisseurs - Factures non parvenues|||CA055716|20230525|OPERATION DIVERSE 16/01/2025|0,00|534,89|||20230526||
CA|Caisse|CA00171|20231229|580000|Virements internes|||CA123638|20231229|OPERATION DIVERSE 09/01/2025|597,01|0,00|||20231230||
CA|Caisse|CA00171|20231229|590000|Depreciation des valeurs mobilieres de placement|||CA123638|20231229|OPERATION DIVERSE 09/01/2025|0,00|597,01|||20231230||
CA|Caisse|CA00172|20230124|403000|Fournisseurs - Effets a payer|||CA019021|20230124|OPERATION DIVERSE 26/01/2025|141,56|0,00|||20230128||
CA|Caisse|CA00172|20230124|281310|Amort. batiments|||CA019021|20230124|OPERATION DIVERSE 26/01/2025|0,00|141,56|||20230128||
CA|Caisse|CA00173|20230804|281350|Amort. installations generales|||CA084678|20230804|OPERATION DIVERSE 19/02/2025|4105,40|0,00|||20230808||
CA|Caisse|CA00173|20230804|512100|Banque secondaire|||CA084678|20230804|OPERATION DIVERSE 19/02/2025|0,00|4105,40|||20230808||
CA|Caisse|CA00174|20230814|771000|Produits exceptionnels sur operations de gestion|||CA084694|20230814|OPERATION DIVERSE 08/02/2025|661,70|0,00|||20230821||
CA|Caisse|CA00174|20230814|706000|Prestations de services|||CA084694|20230814|OPERATION DIVERSE 08/02/2025|0,00|661,70|||20230821||
CA|Caisse|CA00175|20230410|218100|Installations generales, agencements divers|||CA048015|20230410|OPERATION DIVERSE 14/01/2025|7117,07|0,00|||20230414||
CA|Caisse|CA00175|20230410|512000|Banque principale|||CA048015|20230410|OPERATION DIVERSE 14/01/2025|0,00|7117,07|||20230414||
CA|Caisse|CA00176|20231215|511000|Valeurs a l'encaissement|||CA128815|20231215|OPERATION DIVERSE 08/01/2025|582,74|0,00|||20231215||
CA|Caisse|CA00176|20231215|613200|Locations immobilieres|||CA128815|20231215|OPERATION DIVERSE 08/01/2025|0,00|582,74|||20231215||
CA|Caisse|CA00177|20231114|467000|Autres comptes debiteurs ou crediteurs|||CA114555|20231114|OPERATION DIVERSE 06/01/2025|678,51|0,00|||20231120||
CA|Caisse|CA00177|20231114|602100|Achats de matieres consommables|||CA114555|20231114|OPERATION DIVERSE 06/01/2025|0,00|678,51|||20231120||
OD|Operations diverses|OD00001|20230221|661000|Charges d'interets|||OD022286|20230221|ECRITURE DE REGULARISATION 01/2025|166,43|0,00|||20230224||
OD|Operations diverses|OD00001|20230221|408400|Fournisseurs d'immobilisations - Factures non parvenues|||OD022286|20230221|ECRITURE DE REGULARISATION 01/2025|0,00|166,43|||20230224||
OD|Operations diverses|OD00002|20230707|614000|Charges locatives|||OD072673|20230707|ECRITURE DE REGULARISATION 01/2025|1038,40|0,00|||20230707||
OD|Operations diverses|OD00002|20230707|445670|TVA collectee|||OD072673|20230707|ECRITURE DE REGULARISATION 01/2025|0,00|1038,40|||20230707||
OD|Operations diverses|OD00003|20230623|602260|Achats d'emballages|||OD069520|20230623|ECRITURE DE REGULARISATION 01/2025|1168,37|0,00|||20230624||
OD|Operations diverses|OD00003|20230623|445520|TVA due intracommunautaire|||OD069520|20230623|ECRITURE DE REGULARISATION 01/2025|0,00|1168,37|||20230624||
OD|Operations diverses|OD00004|20231228|611000|Sous-traitance generale|||VE125538|20231228|ECRITURE DE REGULARISATION 02/2025|135,63|0,00|||20231230||
OD|Operations diverses|OD00004|20231228|425000|Personnel - Avances et acomptes|||OD128200|20231228|ECRITURE DE REGULARISATION 02/2025|0,00|135,63|||20231230||
OD|Operations diverses|OD00005|20230215|441000|Etat - Impot sur les benefices|||OD021975|20230215|ECRITURE DE REGULARISATION 01/2025|270,73|0,00|||20230216||
OD|Operations diverses|OD00005|20230215|625100|Voyages et deplacements|||OD021975|20230215|ECRITURE DE REGULARISATION 01/2025|0,00|270,73|||20230216||
OD|Operations diverses|OD00006|20230309|218200|Materiel de transport|||OD033435|20230309|ECRITURE DE REGULARISATION 02/2025|2181,65|0,00|||20230311||
OD|Operations diverses|OD00006|20230309|512000|Banque principale|||OD033435|20230309|ECRITURE DE REGULARISATION 02/2025|0,00|2181,65|||20230311||
OD|Operations diverses|OD00007|20230607|720000|Production immobilisee|||OD064777|20230607|ECRITURE DE REGULARISATION 01/2025|328,38|0,00|||20230610||
OD|Operations diverses|OD00007|20230607|518100|Interets courus a payer|||OD064777|20230607|ECRITURE DE REGULARISATION 01/2025|0,00|328,38|||20230610||
OD|Operations diverses|OD00008|20231020|602200|Achats de fournitures consommables|||OD105050|20231020|ECRITURE DE REGULARISATION 01/2025|1760,86|0,00|||20231027||
OD|Operations diverses|OD00008|20231020|408400|Fournisseurs d'immobilisations - Factures non parvenues|||OD105050|20231020|ECRITURE DE REGULARISATION 01/2025|0,00|1760,86|||20231027||
OD|Operations diverses|OD00009|20231031|613200|Locations immobilieres|||OD103975|20231031|ECRITURE DE REGULARISATION 02/2025|1529,01|0,00|||20231106||
OD|Operations diverses|OD00009|20231031|409100|Fournisseurs - Avances et acomptes verses|||OD103975|20231031|ECRITURE DE REGULARISATION 02/2025|0,00|1529,01|||20231106||
OD|Operations diverses|OD00010|20230127|508000|Interets courus sur VMP|||OD019947|20230127|ECRITURE DE REGULARISATION 01/2025|496,01|0,00|||20230203||
OD|Operations diverses|OD00010|20230127|106800|Autres reserves|||OD019947|20230127|ECRITURE DE REGULARISATION 01/2025|0,00|496,01|||20230203||
OD|Operations diverses|OD00011|20230215|411000|Clients|C00010|CLIENT KAPPA|OD029878|20230215|ECRITURE DE REGULARISATION 02/2025|1343,24|0,00|||20230216||
OD|Operations diverses|OD00011|20230215|518100|Interets courus a payer|||OD029878|20230215|ECRITURE DE REGULARISATION 02/2025|0,00|1343,24|||20230216||
OD|Operations diverses|OD00012|20230922|751000|Redevances pour concessions, brevets, licences, etc.|||OD095218|20230922|ECRITURE DE REGULARISATION 01/2025|1380,88|0,00|||20230929||
OD|Operations diverses|OD00012|20230922|791000|Transferts de charges d'exploitation|||OD095218|20230922|ECRITURE DE REGULARISATION 01/2025|0,00|1380,88|||20230929||
OD|Operations diverses|OD00013|20230127|618500|Frais de colloques, seminaires, conferences|||OD014139|20230127|ECRITURE DE REGULARISATION 01/2025|1755,11|0,00|||20230202||
OD|Operations diverses|OD00013|20230127|487000|Produits constates d'avance|||OD014139|20230127|ECRITURE DE REGULARISATION 01/2025|0,00|1755,11|||20230202||
OD|Operations diverses|OD00014|20231221|681120|Dot. amort. sur immo. corporelles|||OD123671|20231221|ECRITURE DE REGULARISATION 02/2025|1387,17|0,00|||20231221||
OD|Operations diverses|OD00014|20231221|500000|Valeurs mobilieres de placement|||OD123671|20231221|ECRITURE DE REGULARISATION 02/2025|0,00|1387,17|||20231221||
OD|Operations diverses|OD00015|20231017|106100|Reserve legale|||OD104298|20231017|ECRITURE DE REGULARISATION 01/2025|631,03|0,00|||20231022||
OD|Operations diverses|OD00015|20231017|205000|Logiciels|||OD104298|20231017|ECRITURE DE REGULARISATION 01/2025|0,00|631,03|||20231022||
OD|Operations diverses|OD00016|20230405|781500|Reprises sur provisions pour risques et charges d'exploitation|||OD046888|20230405|ECRITURE DE REGULARISATION 01/2025|1812,66|0,00|||20230411||
OD|Operations diverses|OD00016|20230405|681110|Dot. amort. sur immo. incorporelles|||OD046888|20230405|ECRITURE DE REGULARISATION 01/2025|0,00|1812,66|||20230411||
OD|Operations diverses|OD00017|20230816|606300|Fournitures d'entretien et petit equipement|||OD084141|20230816|ECRITURE DE REGULARISATION 02/2025|999,44|0,00|||20230821||
OD|Operations diverses|OD00017|20230816|445860|TVA sur factures non parvenues|||OD084141|20230816|ECRITURE DE REGULARISATION 02/2025|0,00|999,44|||20230821||
OD|Operations diverses|OD00018|20230227|203000|Frais de recherche et developpement|||OD023566|20230227|ECRITURE DE REGULARISATION 02/2025|6793,11|0,00|||20230302||
OD|Operations diverses|OD00018|20230227|512000|Banque principale|||OD023566|20230227|ECRITURE DE REGULARISATION 02/2025|0,00|6793,11|||20230302||
OD|Operations diverses|OD00019|20231110|215400|Materiel industriel|||OD116574|20231110|ECRITURE DE REGULARISATION 01/2025|9227,07|0,00|||20231110||
OD|Operations diverses|OD00019|20231110|512100|Banque secondaire|||OD116574|20231110|ECRITURE DE REGULARISATION 01/2025|0,00|9227,07|||20231110||
OD|Operations diverses|OD00020|20230822|631000|Impots, taxes et versements assimiles sur remunerations|||OD084771|20230822|ECRITURE DE REGULARISATION 02/2025|389,83|0,00|||20230826||
OD|Operations diverses|OD00020|20230822|441000|Etat - Impot sur les benefices|||OD084771|20230822|ECRITURE DE REGULARISATION 02/2025|0,00|389,83|||20230826||
OD|Operations diverses|OD00021|20230213|397100|Depreciation des stocks de marchandises|||OD025076|20230213|ECRITURE DE REGULARISATION 01/2025|229,21|0,00|||20230216||
OD|Operations diverses|OD00021|20230213|151000|Provisions pour risques|||OD025076|20230213|ECRITURE DE REGULARISATION 01/2025|0,00|229,21|||20230216||
OD|Operations diverses|OD00022|20230822|413000|Clients - Effets a recevoir|||OD082616|20230822|ECRITURE DE REGULARISATION 01/2025|809,05|0,00|||20230822||
OD|Operations diverses|OD00022|20230822|615500|Entretien et reparations sur biens mobiliers|||OD082616|20230822|ECRITURE DE REGULARISATION 01/2025|0,00|809,05|||20230822||
OD|Operations diverses|OD00023|20231103|614000|Charges locatives|||OD113612|20231103|ECRITURE DE REGULARISATION 01/2025|1829,73|0,00|||20231110||
OD|Operations diverses|OD00023|20231103|445660|TVA deductible sur ABS|||OD113612|20231103|ECRITURE DE REGULARISATION 01/2025|0,00|1829,73|||20231110||
OD|Operations diverses|OD00024|20230818|681740|Dot. provisions sur creances|||OD082850|20230818|ECRITURE DE REGULARISATION 02/2025|1466,73|0,00|||20230821||
OD|Operations diverses|OD00024|20230818|455000|Associes - Comptes courants|||OD082850|20230818|ECRITURE DE REGULARISATION 02/2025|0,00|1466,73|||20230821||
OD|Operations diverses|OD00025|20230213|201000|Frais d'etablissement|||OD022785|20230213|ECRITURE DE REGULARISATION 02/2025|19917,86|0,00|||20230215||
OD|Operations diverses|OD00025|20230213|512000|Banque principale|||OD022785|20230213|ECRITURE DE REGULARISATION 02/2025|0,00|19917,86|||20230215||
OD|Operations diverses|OD00026|20230628|486000|Charges constatees d'avance|||OD064128|20230628|ECRITURE DE REGULARISATION 01/2025|10,29|0,00|||20230628||
OD|Operations diverses|OD00026|20230628|686500|Dot. provisions pour risques et charges financiers|||OD064128|20230628|ECRITURE DE REGULARISATION 01/2025|0,00|10,29|||20230628||
OD|Operations diverses|OD00027|20230602|437000|Autres organismes sociaux|||OD068336|20230602|ECRITURE DE REGULARISATION 02/2025|436,22|0,00|||20230606||
OD|Operations diverses|OD00027|20230602|623100|Annonces et insertions|||OD068336|20230602|ECRITURE DE REGULARISATION 02/2025|0,00|436,22|||20230606||
OD|Operations diverses|OD00028|20230224|740000|Subventions d'exploitation|||OD029870|20230224|ECRITURE DE REGULARISATION 01/2025|1500,81|0,00|||20230302||
OD|Operations diverses|OD00028|20230224|281830|Amort. materiel de bureau|||OD029870|20230224|ECRITURE DE REGULARISATION 01/2025|0,00|1500,81|||20230302||
OD|Operations diverses|OD00029|20231201|428200|Personnel - Conges payes|||OD127181|20231201|ECRITURE DE REGULARISATION 02/2025|853,79|0,00|||20231203||
OD|Operations diverses|OD00029|20231201|419100|Clients - Avances et acomptes recus|||OD127181|20231201|ECRITURE DE REGULARISATION 02/2025|0,00|853,79|||20231203||
OD|Operations diverses|OD00030|20230202|623100|Annonces et insertions|||OD023776|20230202|ECRITURE DE REGULARISATION 02/2025|449,80|0,00|||20230205||
OD|Operations diverses|OD00030|20230202|512100|Banque secondaire|||OD023776|20230202|ECRITURE DE REGULARISATION 02/2025|0,00|449,80|||20230205||
OD|Operations diverses|OD00031|20231009|445860|TVA sur factures non parvenues|||OD105515|20231009|ECRITURE DE REGULARISATION 02/2025|804,27|0,00|||20231009||
OD|Operations diverses|OD00031|20231009|500000|Valeurs mobilieres de placement|||OD105515|20231009|ECRITURE DE REGULARISATION 02/2025|0,00|804,27|||20231009||
OD|Operations diverses|OD00032|20231212|445660|TVA deductible sur ABS|||OD125520|20231212|ECRITURE DE REGULARISATION 02/2025|780,33|0,00|||20231219||
OD|Operations diverses|OD00032|20231212|618100|Documentation generale|||OD125520|20231212|ECRITURE DE REGULARISATION 02/2025|0,00|780,33|||20231219||
OD|Operations diverses|OD00033|20230313|706000|Prestations de services|||OD036947|20230313|ECRITURE DE REGULARISATION 02/2025|1060,76|0,00|||20230316||
OD|Operations diverses|OD00033|20230313|408100|Fournisseurs - Factures non parvenues|||OD036947|20230313|ECRITURE DE REGULARISATION 02/2025|0,00|1060,76|||20230316||
OD|Operations diverses|OD00034|20230719|658000|Charges diverses de gestion courante|||OD076532|20230719|ECRITURE DE REGULARISATION 02/2025|1876,99|0,00|||20230726||
OD|Operations diverses|OD00034|20230719|512000|Banque principale|||OD076532|20230719|ECRITURE DE REGULARISATION 02/2025|0,00|1876,99|||20230726||
OD|Operations diverses|OD00035|20230210|218200|Materiel de transport|||OD024980|20230210|ECRITURE DE REGULARISATION 01/2025|3172,79|0,00|||20230212||
OD|Operations diverses|OD00035|20230210|512100|Banque secondaire|||OD024980|20230210|ECRITURE DE REGULARISATION 01/2025|0,00|3172,79|||20230212||
OD|Operations diverses|OD00036|20230701|311000|Matieres premieres|||OD069287|20230628|ECRITURE DE REGULARISATION 01/2025|598,66|0,00|||20230630||
OD|Operations diverses|OD00036|20230628|625700|Receptions|||OD069287|20230628|ECRITURE DE REGULARISATION 01/2025|0,00|598,66|||20230630||
OD|Operations diverses|OD00037|20230809|311000|Matieres premieres|||OD086241|20230809|ECRITURE DE REGULARISATION 01/2025|126,21|0,00|||20230810||
OD|Operations diverses|OD00037|20230809|447100|Autres impots, taxes et versements assimiles|||OD086241|20230809|ECRITURE DE REGULARISATION 01/2025|0,00|126,21|||20230810||
OD|Operations diverses|OD00038|20230223|408400|Fournisseurs d'immobilisations - Factures non parvenues|||OD022483|20230223|ECRITURE DE REGULARISATION 02/2025|58,13|0,00|||20230223||
OD|Operations diverses|OD00038|20230223|654000|Pertes sur creances irrecouvrables|||OD022483|20230223|ECRITURE DE REGULARISATION 02/2025|0,00|58,13|||20230223||
OD|Operations diverses|OD00039|20230802|771000|Produits exceptionnels sur operations de gestion|||OD088980|20230802|ECRITURE DE REGULARISATION 02/2025|1385,00|0,00|||20230804||
OD|Operations diverses|OD00039|20230802|767000|Produits nets sur cessions de valeurs mobilieres de placement|||OD088980|20230802|ECRITURE DE REGULARISATION 02/2025|0,00|1385,00|||20230804||
OD|Operations diverses|OD00040|20230330|777000|Quote-part des subventions d'investissement viree au resultat|||OD033023|20230330|ECRITURE DE REGULARISATION 02/2025|838,86|0,00|||20230331||
OD|Operations diverses|OD00040|20230330|409100|Fournisseurs - Avances et acomptes verses|||OD033023|20230330|ECRITURE DE REGULARISATION 02/2025|0,00|838,86|||20230331||
OD|Operations diverses|OD00041|20231023|421000|Personnel - Remunerations dues|||OD107087|20231023|ECRITURE DE REGULARISATION 01/2025|776,51|0,00|||20231028||
OD|Operations diverses|OD00041|20231023|614000|Charges locatives|||OD107087|20231023|ECRITURE DE REGULARISATION 01/2025|0,00|776,51|||20231028||
OD|Operations diverses|OD00042|20230823|601000|Achats de matieres premieres|||OD088696|20230823|ECRITURE DE REGULARISATION 02/2025|1983,46|0,00|||20230829||
OD|Operations diverses|OD00042|20230823|512100|Banque secondaire|||OD088696|20230823|ECRITURE DE REGULARISATION 02/2025|0,00|1983,46|||20230829||
OD|Operations diverses|OD00043|20230130|602200|Achats de fournitures consommables|||OD019448|20230130|ECRITURE DE REGULARISATION 02/2025|1780,95|0,00|||20230202||
OD|Operations diverses|OD00043|20230130|427000|Personnel - Oppositions|||OD019448|20230130|ECRITURE DE REGULARISATION 02/2025|0,00|1780,95|||20230202||
OD|Operations diverses|OD00044|20230317|203000|Frais de recherche et developpement|||OD039384|20230317|ECRITURE DE REGULARISATION 02/2025|14621,58|0,00|||20230318||
OD|Operations diverses|OD00044|20230317|512000|Banque principale|||OD039384|20230317|ECRITURE DE REGULARISATION 02/2025|0,00|14621,58|||20230318||
OD|Operations diverses|OD00045|20230105|421000|Personnel - Remunerations dues|||OD018787|20230105|ECRITURE DE REGULARISATION 01/2025|40,84|0,00|||20230109||
OD|Operations diverses|OD00045|20230105|397100|Depreciation des stocks de marchandises|||OD018787|20230105|ECRITURE DE REGULARISATION 01/2025|0,00|40,84|||20230109||
OD|Operations diverses|OD00046|20230407|798000|Integration fiscale - Produits|||OD048726|20230407|ECRITURE DE REGULARISATION 02/2025|615,44|0,00|||20230413||
OD|Operations diverses|OD00046|20230407|658000|Charges diverses de gestion courante|||OD048726|20230407|ECRITURE DE REGULARISATION 02/2025|0,00|615,44|||20230413||
OD|Operations diverses|OD00047|20230428|607000|Achats de marchandises|||OD042930|20230428|ECRITURE DE REGULARISATION 01/2025|462,15|0,00|||20230430||
OD|Operations diverses|OD00047|20230428|445510|TVA a decaisser|||OD042930|20230428|ECRITURE DE REGULARISATION 01/2025|0,00|462,15|||20230430||
OD|Operations diverses|OD00048|20230118|416000|Clients douteux|||OD015969|20230118|ECRITURE DE REGULARISATION 02/2025|958,92|0,00|||20230120||
OD|Operations diverses|OD00048|20230118|618100|Documentation generale|||OD015969|20230118|ECRITURE DE REGULARISATION 02/2025|0,00|958,92|||20230120||
OD|Operations diverses|OD00049|20230706|618100|Documentation generale|||OD077022|20230706|ECRITURE DE REGULARISATION 01/2025|172,02|0,00|||20230709||
OD|Operations diverses|OD00049|20230706|416000|Clients douteux|||OD077022|20230706|ECRITURE DE REGULARISATION 01/2025|0,00|172,02|||20230709||
OD|Operations diverses|OD00050|20230908|665000|Escomptes accordes|||OD097933|20230908|ECRITURE DE REGULARISATION 01/2025|1402,80|0,00|||20230908||
OD|Operations diverses|OD00050|20230908|445520|TVA due intracommunautaire|||OD097933|20230908|ECRITURE DE REGULARISATION 01/2025|0,00|1402,80|||20230908||
OD|Operations diverses|OD00051|20230110|215400|Materiel industriel|||OD015161|20230110|ECRITURE DE REGULARISATION 02/2025|2509,89|0,00|||20230113||
OD|Operations diverses|OD00051|20230110|404000|Fournisseurs d'immobilisations|||OD015161|20230110|ECRITURE DE REGULARISATION 02/2025|0,00|2509,89|||20230113||
OD|Operations diverses|OD00052|20231110|408400|Fournisseurs d'immobilisations - Factures non parvenues|||OD116048|20231110|ECRITURE DE REGULARISATION 01/2025|950,14|0,00|||20231116||
OD|Operations diverses|OD00052|20231110|281820|Amort. materiel de transport|||OD116048|20231110|ECRITURE DE REGULARISATION 01/2025|0,00|950,14|||20231116||
OD|Operations diverses|OD00053|20230315|709000|Rabais, remises et ristournes accordes|||OD039104|20230315|ECRITURE DE REGULARISATION 01/2025|1043,68|0,00|||20230319||
OD|Operations diverses|OD00053|20230315|766000|Gains de change|||OD039104|20230315|ECRITURE DE REGULARISATION 01/2025|0,00|1043,68|||20230319||
OD|Operations diverses|OD00054|20230217|445860|TVA sur factures non parvenues|||OD026601|20230217|ECRITURE DE REGULARISATION 02/2025|27,62|0,00|||20230220||
OD|Operations diverses|OD00054|20230217|796000|Transferts de charges financieres|||OD026601|20230217|ECRITURE DE REGULARISATION 02/2025|0,00|27,62|||20230220||
OD|Operations diverses|OD00055|20231219|218400|Mobilier|||OD125004|20231219|ECRITURE DE REGULARISATION 02/2025|14846,63|0,00|||20231226||
OD|Operations diverses|OD00055|20231219|404000|Fournisseurs d'immobilisations|||OD125004|20231219|ECRITURE DE REGULARISATION 02/2025|0,00|14846,63|||20231226||
OD|Operations diverses|OD00056|20231123|511000|Valeurs a l'encaissement|||OD119288|20231123|ECRITURE DE REGULARISATION 02/2025|556,99|0,00|||20231123||
OD|Operations diverses|OD00056|20231123|168800|Interets courus sur emprunts|||OD119288|20231123|ECRITURE DE REGULARISATION 02/2025|0,00|556,99|||20231123||
OD|Operations diverses|OD00057|20230509|321000|Matieres consommables|||OD059171|20230509|ECRITURE DE REGULARISATION 02/2025|142,91|0,00|||20230515||
OD|Operations diverses|OD00057|20230509|207000|Fonds commercial|||OD059171|20230509|ECRITURE DE REGULARISATION 02/2025|0,00|142,91|||20230515||
OD|Operations diverses|OD00058|20230127|281820|Amort. materiel de transport|||OD013004|20230127|ECRITURE DE REGULARISATION 02/2025|8619,51|0,00|||20230131||
OD|Operations diverses|OD00058|20230127|404000|Fournisseurs d'immobilisations|||OD013004|20230127|ECRITURE DE REGULARISATION 02/2025|0,00|8619,51|||20230131||
OD|Operations diverses|OD00059|20230227|445710|TVA collectee a payer|||OD024823|20230227|ECRITURE DE REGULARISATION 01/2025|673,09|0,00|||20230306||
OD|Operations diverses|OD00059|20230227|486000|Charges constatees d'avance|||OD024823|20230227|ECRITURE DE REGULARISATION 01/2025|0,00|673,09|||20230306||
OD|Operations diverses|OD00060|20231207|218400|Mobilier|||OD121099|20231207|ECRITURE DE REGULARISATION 01/2025|14704,17|0,00|||20231212||
OD|Operations diverses|OD00060|20231207|512000|Banque principale|||OD121099|20231207|ECRITURE DE REGULARISATION 01/2025|0,00|14704,17|||20231212||
OD|Operations diverses|OD00061|20230303|625700|Receptions|||OD039340|20230303|ECRITURE DE REGULARISATION 02/2025|1640,56|0,00|||20230310||
OD|Operations diverses|OD00061|20230303|428200|Personnel - Conges payes|||OD039340|20230303|ECRITURE DE REGULARISATION 02/2025|0,00|1640,56|||20230310||
OD|Operations diverses|OD00062|20230317|445860|TVA sur factures non parvenues|||OD036000|20230317|ECRITURE DE REGULARISATION 01/2025|797,49|0,00|||20230321||
OD|Operations diverses|OD00062|20230317|628100|Concours divers (cotisations...)|||OD036000|20230317|ECRITURE DE REGULARISATION 01/2025|0,00|797,49|||20230321||
OD|Operations diverses|OD00063|20230327|681500|Dot. provisions pour risques et charges d'exploitation|||OD034240|20230327|ECRITURE DE REGULARISATION 01/2025|1779,43|0,00|||20230401||
OD|Operations diverses|OD00063|20230327|518100|Interets courus a payer|||OD034240|20230327|ECRITURE DE REGULARISATION 01/2025|0,00|1779,43|||20230401||
OD|Operations diverses|OD00064|20230308|467000|Autres comptes debiteurs ou crediteurs|||OD031090|20230308|ECRITURE DE REGULARISATION 01/2025|797,62|0,00|||20230315||
OD|Operations diverses|OD00064|20230308|404000|Fournisseurs d'immobilisations|||OD031090|20230308|ECRITURE DE REGULARISATION 01/2025|0,00|797,62|||20230315||
OD|Operations diverses|OD00065|20230703|445860|TVA sur factures non parvenues|||OD072258|20230703|ECRITURE DE REGULARISATION 02/2025|558,89|0,00|||20230708||
OD|Operations diverses|OD00065|20230703|771000|Produits exceptionnels sur operations de gestion|||OD072258|20230703|ECRITURE DE REGULARISATION 02/2025|0,00|558,89|||20230708||
OD|Operations diverses|OD00066|20230130|580000|Virements internes|||OD014269|20230130|ECRITURE DE REGULARISATION 01/2025|656,72|0,00|||20230205||
OD|Operations diverses|OD00066|20230130|622600|Honoraires|||OD014269|20230130|ECRITURE DE REGULARISATION 01/2025|0,00|656,72|||20230205||
OD|Operations diverses|OD00067|20230102|281310|Amort. batiments|||OD018609|20230102|ECRITURE DE REGULARISATION 02/2025|999,87|0,00|||20230102||
OD|Operations diverses|OD00067|20230102|512000|Banque principale|||OD018609|20230102|ECRITURE DE REGULARISATION 02/2025|0,00|999,87|||20230102||
OD|Operations diverses|OD00068|20231020|281840|Amort. mobilier|||OD105845|20231020|ECRITURE DE REGULARISATION 02/2025|7111,97|0,00|||20231027||
OD|Operations diverses|OD00068|20231020|404000|Fournisseurs d'immobilisations|||OD105845|20231020|ECRITURE DE REGULARISATION 02/2025|0,00|7111,97|||20231027||
OD|Operations diverses|OD00069|20230901|762000|Produits des autres immobilisations financieres|||OD094444|20230901|ECRITURE DE REGULARISATION 02/2025|184,76|0,00|||20230903||
OD|Operations diverses|OD00069|20230901|281830|Amort. materiel de bureau|||OD094444|20230901|ECRITURE DE REGULARISATION 02/2025|0,00|184,76|||20230903||
OD|Operations diverses|OD00070|20231003|404000|Fournisseurs d'immobilisations|||OD108996|20231003|ECRITURE DE REGULARISATION 02/2025|171,71|0,00|||20231006||
OD|Operations diverses|OD00070|20231003|791000|Transferts de charges d'exploitation|||OD108996|20231003|ECRITURE DE REGULARISATION 02/2025|0,00|171,71|||20231006||
OD|Operations diverses|OD00071|20231003|627000|Services bancaires et assimiles|||OD105467|20231003|ECRITURE DE REGULARISATION 02/2025|433,52|0,00|||20231007||
OD|Operations diverses|OD00071|20231003|445660|TVA deductible sur ABS|||OD105467|20231003|ECRITURE DE REGULARISATION 02/2025|0,00|433,52|||20231007||
OD|Operations diverses|OD00072|20230419|350000|Produits finis|||OD043347|20230419|ECRITURE DE REGULARISATION 02/2025|117,45|0,00|||20230421||
OD|Operations diverses|OD00072|20230419|451000|Groupe|||OD043347|20230419|ECRITURE DE REGULARISATION 02/2025|0,00|117,45|||20230421||
OD|Operations diverses|OD00073|20230616|681120|Dot. amort. sur immo. corporelles|||OD069203|20230616|ECRITURE DE REGULARISATION 02/2025|637,66|0,00|||20230616||
OD|Operations diverses|OD00073|20230616|445860|TVA sur factures non parvenues|||OD069203|20230616|ECRITURE DE REGULARISATION 02/2025|0,00|637,66|||20230616||
OD|Operations diverses|OD00074|20230307|671000|Charges exceptionnelles sur operations de gestion|||OD037156|20230307|ECRITURE DE REGULARISATION 01/2025|530,75|0,00|||20230314||
OD|Operations diverses|OD00074|20230307|514000|Cheques postaux|||OD037156|20230307|ECRITURE DE REGULARISATION 01/2025|0,00|530,75|||20230314||
OD|Operations diverses|OD00075|20231020|751000|Redevances pour concessions, brevets, licences, etc.|||OD105010|20231020|ECRITURE DE REGULARISATION 02/2025|44,83|0,00|||20231021||
OD|Operations diverses|OD00075|20231020|467000|Autres comptes debiteurs ou crediteurs|||OD105010|20231020|ECRITURE DE REGULARISATION 02/2025|0,00|44,83|||20231021||
OD|Operations diverses|OD00076|20230613|613200|Locations immobilieres|||OD063107|20230613|ECRITURE DE REGULARISATION 02/2025|141,76|0,00|||20230615||
OD|Operations diverses|OD00076|20230613|425000|Personnel - Avances et acomptes|||OD063107|20230613|ECRITURE DE REGULARISATION 02/2025|0,00|141,76|||20230615||
OD|Operations diverses|OD00077|20230505|762000|Produits des autres immobilisations financieres|||OD055096|20230505|ECRITURE DE REGULARISATION 01/2025|750,51|0,00|||20230510||
OD|Operations diverses|OD00077|20230505|681740|Dot. provisions sur creances|||OD055096|20230505|ECRITURE DE REGULARISATION 01/2025|0,00|750,51|||20230510||
OD|Operations diverses|OD00078|20231206|608500|Frais accessoires d'achat|||OD124163|20231206|ECRITURE DE REGULARISATION 01/2025|1473,86|0,00|||20231213||
OD|Operations diverses|OD00078|20231206|514000|Cheques postaux|||OD124163|20231206|ECRITURE DE REGULARISATION 01/2025|0,00|1473,86|||20231213||
OD|Operations diverses|OD00079|20231212|606100|Electricite, gaz, eau|||OD129214|20231212|ECRITURE DE REGULARISATION 01/2025|1940,94|0,00|||20231213||
OD|Operations diverses|OD00079|20231212|444000|Etat - Impots sur les benefices|||OD129214|20231212|ECRITURE DE REGULARISATION 01/2025|0,00|1940,94|||20231213||
OD|Operations diverses|OD00080|20231004|740000|Subventions d'exploitation|||OD102240|20231004|ECRITURE DE REGULARISATION 01/2025|1134,63|0,00|||20231008||
OD|Operations diverses|OD00080|20231004|761000|Produits de participations|||OD102240|20231004|ECRITURE DE REGULARISATION 01/2025|0,00|1134,63|||20231008||
OD|Operations diverses|OD00081|20230113|623000|Publicite, publications, relations publiques|||OD018075|20230113|ECRITURE DE REGULARISATION 02/2025|453,10|0,00|||20230120||
OD|Operations diverses|OD00081|20230113|512000|Banque principale|||OD018075|20230113|ECRITURE DE REGULARISATION 02/2025|0,00|453,10|||20230120||
OD|Operations diverses|OD00082|20230809|614000|Charges locatives|||OD088758|20230809|ECRITURE DE REGULARISATION 02/2025|1880,18|0,00|||20230812||
OD|Operations diverses|OD00082|20230809|518700|Interets courus a recevoir|||OD088758|20230809|ECRITURE DE REGULARISATION 02/2025|0,00|1880,18|||20230812||
OD|Operations diverses|OD00083|20231222|642000|Remunerations des dirigeants|||OD126630|20231222|ECRITURE DE REGULARISATION 01/2025|1702,64|0,00|||20231222||
OD|Operations diverses|OD00083|20231222|408400|Fournisseurs d'immobilisations - Factures non parvenues|||OD126630|20231222|ECRITURE DE REGULARISATION 01/2025|0,00|1702,64|||20231222||
OD|Operations diverses|OD00084|20230523|666000|Pertes de change|||OD057636|20230523|ECRITURE DE REGULARISATION 02/2025|203,81|0,00|||20230527||
OD|Operations diverses|OD00084|20230523|408400|Fournisseurs d'immobilisations - Factures non parvenues|||OD057636|20230523|ECRITURE DE REGULARISATION 02/2025|0,00|203,81|||20230527||
OD|Operations diverses|OD00085|20230201|468600|Charges a payer|||OD023987|20230201|ECRITURE DE REGULARISATION 02/2025|697,71|0,00|||20230204||
OD|Operations diverses|OD00085|20230201|713000|Variation des stocks|||OD023987|20230201|ECRITURE DE REGULARISATION 02/2025|0,00|697,71|||20230204||
OD|Operations diverses|OD00086|20230208|468600|Charges a payer|||OD023152|20230208|ECRITURE DE REGULARISATION 02/2025|558,29|0,00|||20230210||
OD|Operations diverses|OD00086|20230208|615500|Entretien et reparations sur biens mobiliers|||OD023152|20230208|ECRITURE DE REGULARISATION 02/2025|0,00|558,29|||20230210||
OD|Operations diverses|OD00087|20231117|798000|Integration fiscale - Produits|||BQ099983|20231117|ECRITURE DE REGULARISATION 01/2025|1819,30|0,00|||20231118||
OD|Operations diverses|OD00087|20231117|580000|Virements internes|||OD111625|20231117|ECRITURE DE REGULARISATION 01/2025|0,00|1819,30|||20231118||
OD|Operations diverses|OD00088|20230321|764000|Revenus des valeurs mobilieres de placement|||OD033038|20230321|ECRITURE DE REGULARISATION 01/2025|1730,66|0,00|||20230323||
OD|Operations diverses|OD00088|20230321|471000|Compte d'attente|||OD033038|20230321|ECRITURE DE REGULARISATION 01/2025|0,00|1730,66|||20230323||
OD|Operations diverses|OD00089|20230117|666000|Pertes de change|||OD019914|20230117|ECRITURE DE REGULARISATION 01/2025|1849,25|0,00|||20230124||
OD|Operations diverses|OD00089|20230117|421000|Personnel - Remunerations dues|||OD019914|20230117|ECRITURE DE REGULARISATION 01/2025|0,00|1849,25|||20230124||
OD|Operations diverses|OD00090|20230425|602260|Achats d'emballages|||OD046837|20230425|ECRITURE DE REGULARISATION 02/2025|72,30|0,00|||20230429||
OD|Operations diverses|OD00090|20230425|590000|Depreciation des valeurs mobilieres de placement|||OD046837|20230425|ECRITURE DE REGULARISATION 02/2025|0,00|72,30|||20230429||
OD|Operations diverses|OD00091|20230608|671000|Charges exceptionnelles sur operations de gestion|||OD065938|20230608|ECRITURE DE REGULARISATION 01/2025|135,02|0,00|||20230610||
OD|Operations diverses|OD00091|20230608|590000|Depreciation des valeurs mobilieres de placement|||OD065938|20230608|ECRITURE DE REGULARISATION 01/2025|0,00|135,02|||20230610||
OD|Operations diverses|OD00092|20230619|797000|Transferts de charges exceptionnelles|||OD064764|20230619|ECRITURE DE REGULARISATION 02/2025|1175,20|0,00|||20230623||
OD|Operations diverses|OD00092|20230619|625600|Missions|||OD064764|20230619|ECRITURE DE REGULARISATION 02/2025|0,00|1175,20|||20230623||
OD|Operations diverses|OD00093|20230628|775000|Produits des cessions d'elements d'actif|||OD062389|20230628|ECRITURE DE REGULARISATION 01/2025|1170,73|0,00|||20230705||
OD|Operations diverses|OD00093|20230628|403000|Fournisseurs - Effets a payer|||OD062389|20230628|ECRITURE DE REGULARISATION 01/2025|0,00|1170,73|||20230705||
OD|Operations diverses|OD00094|20231222|487000|Produits constates d'avance|||OD127697|20231222|ECRITURE DE REGULARISATION 01/2025|227,52|0,00|||20231225||
OD|Operations diverses|OD00094|20231222|518100|Interets courus a payer|||OD127697|20231222|ECRITURE DE REGULARISATION 01/2025|0,00|227,52|||20231225||
OD|Operations diverses|OD00095|20230728|401000|Fournisseurs|F00009|NETTOYAGE SERVICE|OD079777|20230728|ECRITURE DE REGULARISATION 02/2025|6264,15|0,00|Z3|20231207|20230804||
OD|Operations diverses|OD00095|20230728|518700|Interets courus a recevoir|||OD079777|20230728|ECRITURE DE REGULARISATION 02/2025|0,00|6264,15|||20230804||
OD|Operations diverses|OD00096|20231027|397100|Depreciation des stocks de marchandises|||OD101109|20231027|ECRITURE DE REGULARISATION 01/2025|118,26|0,00|||20231030||
OD|Operations diverses|OD00096|20231027|606300|Fournitures d'entretien et petit equipement|||OD101109|20231027|ECRITURE DE REGULARISATION 01/2025|0,00|118,26|||20231030||
OD|Operations diverses|OD00097|20230316|708500|Ports et frais accessoires factures|||OD034945|20230316|ECRITURE DE REGULARISATION 02/2025|1418,68|0,00|||20230316||
OD|Operations diverses|OD00097|20230316|786500|Reprises sur provisions pour risques et charges financiers|||OD034945|20230316|ECRITURE DE REGULARISATION 02/2025|0,00|1418,68|||20230316||
OD|Operations diverses|OD00098|20230809|796000|Transferts de charges financieres|||OD082338|20230809|ECRITURE DE REGULARISATION 02/2025|833,98|0,00|||20230813||
OD|Operations diverses|OD00098|20230809|168800|Interets courus sur emprunts|||OD082338|20230809|ECRITURE DE REGULARISATION 02/2025|0,00|833,98|||20230813||
OD|Operations diverses|OD00099|20231221|281820|Amort. materiel de transport|||OD125921|20231221|ECRITURE DE REGULARISATION 02/2025|13931,76|0,00|||20231222||
OD|Operations diverses|OD00099|20231221|404000|Fournisseurs d'immobilisations|||OD125921|20231221|ECRITURE DE REGULARISATION 02/2025|0,00|13931,76|||20231222||
OD|Operations diverses|OD00100|20231103|781500|Reprises sur provisions pour risques et charges d'exploitation|||OD116101|20231103|ECRITURE DE REGULARISATION 01/2025|1252,86|0,00|||20231103||
OD|Operations diverses|OD00100|20231103|654000|Pertes sur creances irrecouvrables|||OD116101|20231103|ECRITURE DE REGULARISATION 01/2025|0,00|1252,86|||20231103||
OD|Operations diverses|OD00101|20231206|623400|Cadeaux a la clientele|||OD125136|20231206|ECRITURE DE REGULARISATION 02/2025|444,26|0,00|||20231209||
OD|Operations diverses|OD00101|20231206|441000|Etat - Impot sur les benefices|||OD125136|20231206|ECRITURE DE REGULARISATION 02/2025|0,00|444,26|||20231209||
OD|Operations diverses|OD00102|20230908|751000|Redevances pour concessions, brevets, licences, etc.|||OD099881|20230908|ECRITURE DE REGULARISATION 02/2025|1530,39|0,00|||20230909||
OD|Operations diverses|OD00102|20230908|628100|Concours divers (cotisations...)|||OD099881|20230908|ECRITURE DE REGULARISATION 02/2025|0,00|1530,39|||20230909||
OD|Operations diverses|OD00103|20231103|615600|Maintenance|||OD114639|20231103|ECRITURE DE REGULARISATION 02/2025|261,28|0,00|||20231108||
OD|Operations diverses|OD00103|20231103|468600|Charges a payer|||OD114639|20231103|ECRITURE DE REGULARISATION 02/2025|0,00|261,28|||20231108||
OD|Operations diverses|OD00104|20230825|614000|Charges locatives|||OD083825|20230825|ECRITURE DE REGULARISATION 01/2025|292,39|0,00|||20230826||
OD|Operations diverses|OD00104|20230825|467000|Autres comptes debiteurs ou crediteurs|||OD083825|20230825|ECRITURE DE REGULARISATION 01/2025|0,00|292,39|||20230826||
OD|Operations diverses|OD00105|20231027|213100|Constructions - Batiments|||OD102648|20231027|ECRITURE DE REGULARISATION 02/2025|8288,29|0,00|||20231028||
OD|Operations diverses|OD00105|20231027|512100|Banque secondaire|||OD102648|20231027|ECRITURE DE REGULARISATION 02/2025|0,00|8288,29|||20231028||
OD|Operations diverses|OD00106|20231027|695000|Impots sur les benefices|||OD105207|20231027|ECRITURE DE REGULARISATION 02/2025|1525,42|0,00|||20231101||
OD|Operations diverses|OD00106|20231027|512100|Banque secondaire|||OD105207|20231027|ECRITURE DE REGULARISATION 02/2025|0,00|1525,42|||20231101||
OD|Operations diverses|OD00107|20231201|675000|Valeurs comptables des elements d'actif cedes|||OD125646|20231201|ECRITURE DE REGULARISATION 02/2025|1818,99|0,00|||20231203||
OD|Operations diverses|OD00107|20231201|438200|Charges sociales sur conges a payer|||OD125646|20231201|ECRITURE DE REGULARISATION 02/2025|0,00|1818,99|||20231203||
OD|Operations diverses|OD00108|20231121|511000|Valeurs a l'encaissement|||OD118478|20231121|ECRITURE DE REGULARISATION 01/2025|812,50|0,00|||20231124||
OD|Operations diverses|OD00108|20231121|615500|Entretien et reparations sur biens mobiliers|||OD118478|20231121|ECRITURE DE REGULARISATION 01/2025|0,00|812,50|||20231124||
OD|Operations diverses|OD00109|20231120|370000|Marchandises|||OD119940|20231120|ECRITURE DE REGULARISATION 01/2025|938,16|0,00|||20231124||
OD|Operations diverses|OD00109|20231120|707000|Ventes de marchandises|||OD119940|20231120|ECRITURE DE REGULARISATION 01/2025|0,00|938,16|||20231124||
OD|Operations diverses|OD00110|20230131|631000|Impots, taxes et versements assimiles sur remunerations|||OD018807|20230131|ECRITURE DE REGULARISATION 01/2025|607,26|0,00|||20230207||
OD|Operations diverses|OD00110|20230131|447100|Autres impots, taxes et versements assimiles|||OD018807|20230131|ECRITURE DE REGULARISATION 01/2025|0,00|607,26|||20230207||
OD|Operations diverses|OD00111|20230818|441000|Etat - Impot sur les benefices|||OD081717|20230818|ECRITURE DE REGULARISATION 02/2025|71,61|0,00|||20230818||
OD|Operations diverses|OD00111|20230818|675000|Valeurs comptables des elements d'actif cedes|||OD081717|20230818|ECRITURE DE REGULARISATION 02/2025|0,00|71,61|||20230818||
OD|Operations diverses|OD00112|20230927|651000|Redevances pour concessions, brevets, licences, etc.|||OD093953|20230927|ECRITURE DE REGULARISATION 02/2025|155,98|0,00|||20231004||
OD|Operations diverses|OD00112|20230927|445870|TVA sur factures a etablir|||OD093953|20230927|ECRITURE DE REGULARISATION 02/2025|0,00|155,98|||20231004||
OD|Operations diverses|OD00113|20230907|281350|Amort. installations generales|||OD098413|20230907|ECRITURE DE REGULARISATION 02/2025|4689,58|0,00|||20230907||
OD|Operations diverses|OD00113|20230907|512000|Banque principale|||OD098413|20230907|ECRITURE DE REGULARISATION 02/2025|0,00|4689,58|||20230907||
OD|Operations diverses|OD00114|20231101|218400|Mobilier|||OD115773|20231101|ECRITURE DE REGULARISATION 02/2025|18744,44|0,00|||20231106||
OD|Operations diverses|OD00114|20231101|512000|Banque principale|||OD115773|20231101|ECRITURE DE REGULARISATION 02/2025|0,00|18744,44|||20231106||
OD|Operations diverses|OD00115|20230120|708500|Ports et frais accessoires factures|||OD016708|20230120|ECRITURE DE REGULARISATION 01/2025|1480,42|0,00|||20230125||
OD|Operations diverses|OD00115|20230120|612000|Redevances de credit-bail|||OD016708|20230120|ECRITURE DE REGULARISATION 01/2025|0,00|1480,42|||20230125||
OD|Operations diverses|OD00116|20230804|765000|Escomptes obtenus|||OD086982|20230804|ECRITURE DE REGULARISATION 02/2025|1161,08|0,00|||20230805||
OD|Operations diverses|OD00116|20230804|641000|Remunerations du personnel|||OD086982|20230804|ECRITURE DE REGULARISATION 02/2025|0,00|1161,08|||20230805||
OD|Operations diverses|OD00117|20230929|775000|Produits des cessions d'elements d'actif|||OD091507|20230929|ECRITURE DE REGULARISATION 01/2025|962,89|0,00|||20231002||
OD|Operations diverses|OD00117|20230929|615600|Maintenance|||OD091507|20230929|ECRITURE DE REGULARISATION 01/2025|0,00|962,89|||20231002||
OD|Operations diverses|OD00118|20230420|777000|Quote-part des subventions d'investissement viree au resultat|||OD043187|20230420|ECRITURE DE REGULARISATION 01/2025|1233,63|0,00|||20230427||
OD|Operations diverses|OD00118|20230420|530000|Caisse|||OD043187|20230420|ECRITURE DE REGULARISATION 01/2025|0,00|1233,63|||20230427||
OD|Operations diverses|OD00119|20230428|413000|Clients - Effets a recevoir|||OD046152|20230428|ECRITURE DE REGULARISATION 02/2025|381,60|0,00|||20230504||
OD|Operations diverses|OD00119|20230428|500000|Valeurs mobilieres de placement|||OD046152|20230428|ECRITURE DE REGULARISATION 02/2025|0,00|381,60|||20230504||
OD|Operations diverses|OD00120|20230929|164000|Emprunts aupres des etablissements de credit|||OD098027|20230929|ECRITURE DE REGULARISATION 02/2025|815,44|0,00|||20231003||
OD|Operations diverses|OD00120|20230929|445510|TVA a decaisser|||OD098027|20230929|ECRITURE DE REGULARISATION 02/2025|0,00|815,44|||20231003||
OD|Operations diverses|OD00121|20230303|438200|Charges sociales sur conges a payer|||OD037564|20230303|ECRITURE DE REGULARISATION 01/2025|617,41|0,00|||20230303||
OD|Operations diverses|OD00121|20230303|120000|Resultat de l'exercice|||OD037564|20230303|ECRITURE DE REGULARISATION 01/2025|0,00|617,41|||20230303||
OD|Operations diverses|OD00122|20230811|231000|Immobilisations corporelles en cours|||OD081476|20230811|ECRITURE DE REGULARISATION 01/2025|5266,41|0,00|||20230816||
OD|Operations diverses|OD00122|20230811|512000|Banque principale|||OD081476|20230811|ECRITURE DE REGULARISATION 01/2025|0,00|5266,41|||20230816||
OD|Operations diverses|OD00123|20230602|207000|Fonds commercial|||OD067535|20230602|ECRITURE DE REGULARISATION 01/2025|18077,69|0,00|||20230603||
OD|Operations diverses|OD00123|20230602|512000|Banque principale|||OD067535|20230602|ECRITURE DE REGULARISATION 01/2025|0,00|18077,69|||20230603||
OD|Operations diverses|OD00124|20231222|651000|Redevances pour concessions, brevets, licences, etc.|||OD124174|20231222|ECRITURE DE REGULARISATION 02/2025|1175,62|0,00|||20231228||
OD|Operations diverses|OD00124|20231222|590000|Depreciation des valeurs mobilieres de placement|||OD124174|20231222|ECRITURE DE REGULARISATION 02/2025|0,00|1175,62|||20231228||
OD|Operations diverses|OD00125|20230106|447100|Autres impots, taxes et versements assimiles|||OD019250|20230106|ECRITURE DE REGULARISATION 01/2025|103,65|0,00|||20230111||
OD|Operations diverses|OD00125|20230107|281810|Amort. installations generales|||OD019250|20230106|ECRITURE DE REGULARISATION 01/2025|0,00|103,65|||20230111||
OD|Operations diverses|OD00126|20230303|641000|Remunerations du personnel|||OD039535|20230303|ECRITURE DE REGULARISATION 02/2025|1697,06|0,00|||20230310||
OD|Operations diverses|OD00126|20230303|468600|Charges a payer|||OD039535|20230303|ECRITURE DE REGULARISATION 02/2025|0,00|1697,06|||20230310||
OD|Operations diverses|OD00127|20230211|708500|Ports et frais accessoires factures|||OD022412|20230208|ECRITURE DE REGULARISATION 01/2025|1354,57|0,00|||20230209||
OD|Operations diverses|OD00127|20230208|281540|Amort. materiel industriel|||OD022412|20230208|ECRITURE DE REGULARISATION 01/2025|0,00|1354,57|||20230209||
OD|Operations diverses|OD00128|20230818|709000|Rabais, remises et ristournes accordes|||OD086832|20230818|ECRITURE DE REGULARISATION 01/2025|834,70|0,00|||20230825||
OD|Operations diverses|OD00128|20230818|590000|Depreciation des valeurs mobilieres de placement|||OD086832|20230818|ECRITURE DE REGULARISATION 01/2025|0,00|834,70|||20230825||
OD|Operations diverses|OD00129|20231124|281840|Amort. mobilier|||OD113120|20231124|ECRITURE DE REGULARISATION 02/2025|12048,03|0,00|||20231125||
OD|Operations diverses|OD00129|20231124|512100|Banque secondaire|||OD113120|20231124|ECRITURE DE REGULARISATION 02/2025|0,00|12048,03|||20231125||
OD|Operations diverses|OD00130|20230106|455000|Associes - Comptes courants|||OD012626|20230106|ECRITURE DE REGULARISATION 01/2025|291,35|0,00|||20230112||
OD|Operations diverses|OD00130|20230106|213500|Installations generales, agencements|||OD012626|20230106|ECRITURE DE REGULARISATION 01/2025|0,00|291,35|||20230112||
OD|Operations diverses|OD00131|20230220|607000|Achats de marchandises|||OD022226|20230220|ECRITURE DE REGULARISATION 01/2025|1887,70|0,00|||20230224||
OD|Operations diverses|OD00131|20230220|445670|TVA collectee|||OD022226|20230220|ECRITURE DE REGULARISATION 01/2025|0,00|1887,70|||20230224||
OD|Operations diverses|OD00132|20230317|625100|Voyages et deplacements|||OD033505|20230317|ECRITURE DE REGULARISATION 01/2025|1468,26|0,00|||20230324||
OD|Operations diverses|OD00132|20230317|441000|Etat - Impot sur les benefices|||OD033505|20230317|ECRITURE DE REGULARISATION 01/2025|0,00|1468,26|||20230324||
OD|Operations diverses|OD00133|20230725|798000|Integration fiscale - Produits|||OD079034|20230725|ECRITURE DE REGULARISATION 01/2025|1773,00|0,00|||20230729||
OD|Operations diverses|OD00133|20230725|761000|Produits de participations|||OD079034|20230725|ECRITURE DE REGULARISATION 01/2025|0,00|1773,00|||20230729||
OD|Operations diverses|OD00134|20230414|231000|Immobilisations corporelles en cours|||OD046793|20230414|ECRITURE DE REGULARISATION 01/2025|10616,65|0,00|||20230421||
OD|Operations diverses|OD00134|20230414|404000|Fournisseurs d'immobilisations|||OD046793|20230414|ECRITURE DE REGULARISATION 01/2025|0,00|10616,65|||20230421||
OD|Operations diverses|OD00135|20230407|447100|Autres impots, taxes et versements assimiles|||OD046783|20230407|ECRITURE DE REGULARISATION 02/2025|612,80|0,00|||20230413||
OD|Operations diverses|OD00135|20230407|487000|Produits constates d'avance|||OD046783|20230407|ECRITURE DE REGULARISATION 02/2025|0,00|612,80|||20230413||
OD|Operations diverses|OD00136|20230323|798000|Integration fiscale - Produits|||OD037334|20230323|ECRITURE DE REGULARISATION 01/2025|1297,65|0,00|||20230329||
OD|Operations diverses|OD00136|20230323|427000|Personnel - Oppositions|||OD037334|20230323|ECRITURE DE REGULARISATION 01/2025|0,00|1297,65|||20230329||
OD|Operations diverses|OD00137|20230113|606100|Electricite, gaz, eau|||OD011107|20230113|ECRITURE DE REGULARISATION 01/2025|492,55|0,00|||20230115||
OD|Operations diverses|OD00137|20230113|530000|Caisse|||OD011107|20230113|ECRITURE DE REGULARISATION 01/2025|0,00|492,55|||20230115||
OD|Operations diverses|OD00138|20230504|408100|Fournisseurs - Factures non parvenues|||OD056870|20230504|ECRITURE DE REGULARISATION 01/2025|320,35|0,00|||20230508||
OD|Operations diverses|OD00138|20230504|213500|Installations generales, agencements|||OD056870|20230504|ECRITURE DE REGULARISATION 01/2025|0,00|320,35|||20230508||
OD|Operations diverses|OD00139|20230901|765000|Escomptes obtenus|||OD094788|20230901|ECRITURE DE REGULARISATION 02/2025|102,17|0,00|||20230902||
OD|Operations diverses|OD00139|20230901|720000|Production immobilisee|||OD094788|20230901|ECRITURE DE REGULARISATION 02/2025|0,00|102,17|||20230902||
OD|Operations diverses|OD00140|20231215|311000|Matieres premieres|||OD124754|20231215|ECRITURE DE REGULARISATION 01/2025|772,74|0,00|||20231218||
OD|Operations diverses|OD00140|20231215|618500|Frais de colloques, seminaires, conferences|||OD124754|20231215|ECRITURE DE REGULARISATION 01/2025|0,00|772,74|||20231218||
OD|Operations diverses|OD00141|20230703|590000|Depreciation des valeurs mobilieres de placement|||OD076900|20230703|ECRITURE DE REGULARISATION 02/2025|20,59|0,00|||20230706||
OD|Operations diverses|OD00141|20230703|491000|Depreciation des comptes clients|||OD076900|20230703|ECRITURE DE REGULARISATION 02/2025|0,00|20,59|||20230706||
OD|Operations diverses|OD00142|20230523|616000|Primes d'assurance|||OD059585|20230523|ECRITURE DE REGULARISATION 01/2025|451,45|0,00|||20230524||
OD|Operations diverses|OD00142|20230523|447100|Autres impots, taxes et versements assimiles|||OD059585|20230523|ECRITURE DE REGULARISATION 01/2025|0,00|451,45|||20230524||
OD|Operations diverses|OD00143|20230404|625700|Receptions|||OD045170|20230404|ECRITURE DE REGULARISATION 01/2025|1246,18|0,00|||20230408||
OD|Operations diverses|OD00143|20230404|425000|Personnel - Avances et acomptes|||OD045170|20230404|ECRITURE DE REGULARISATION 01/2025|0,00|1246,18|||20230408||
OD|Operations diverses|OD00144|20230505|763000|Revenus des autres creances|||OD056755|20230505|ECRITURE DE REGULARISATION 01/2025|1785,72|0,00|||20230506||
OD|Operations diverses|OD00144|20230505|713000|Variation des stocks|||OD056755|20230505|ECRITURE DE REGULARISATION 01/2025|0,00|1785,72|||20230506||
OD|Operations diverses|OD00145|20230728|281810|Amort. installations generales|||OD056755|20230728|ECRITURE DE REGULARISATION 01/2025|6333,52|0,00|||20230804||
OD|Operations diverses|OD00145|20230728|512100|Banque secondaire|||OD073497|20230728|ECRITURE DE REGULARISATION 01/2025|0,00|6333,52|||20230804||
OD|Operations diverses|OD00146|20230505|487000|Produits constates d'avance|||OD054445|20230505|ECRITURE DE REGULARISATION 02/2025|414,93|0,00|||20230507||
OD|Operations diverses|OD00146|20230505|409100|Fournisseurs - Avances et acomptes verses|||OD054445|20230505|ECRITURE DE REGULARISATION 02/2025|0,00|414,93|||20230507||
OD|Operations diverses|OD00147|20231012|623000|Publicite, publications, relations publiques|||OD108021|20231012|ECRITURE DE REGULARISATION 01/2025|1641,01|0,00|||20231014||
OD|Operations diverses|OD00147|20231012|403000|Fournisseurs - Effets a payer|||OD108021|20231012|ECRITURE DE REGULARISATION 01/2025|0,00|1641,01|||20231014||
OD|Operations diverses|OD00148|20230523|281820|Amort. materiel de transport|||OD057110|20230523|ECRITURE DE REGULARISATION 01/2025|999,21|0,00|||20230527||
OD|Operations diverses|OD00148|20230523|512100|Banque secondaire|||OD057110|20230523|ECRITURE DE REGULARISATION 01/2025|0,00|999,21|||20230527||
OD|Operations diverses|OD00149|20230308|654000|Pertes sur creances irrecouvrables|||OD034309|20230308|ECRITURE DE REGULARISATION 01/2025|865,49|0,00|||20230310||
OD|Operations diverses|OD00149|20230311|441000|Etat - Impot sur les benefices|||OD034309|20230308|ECRITURE DE REGULARISATION 01/2025|0,00|865,49|||20230310||
OD|Operations diverses|OD00150|20230725|775000|Produits des cessions d'elements d'actif|||OD072450|20230725|ECRITURE DE REGULARISATION 02/2025|1101,65|0,00|||20230727||
OD|Operations diverses|OD00150|20230725|455000|Associes - Comptes courants|||OD072450|20230725|ECRITURE DE REGULARISATION 02/2025|0,00|1101,65|||20230727||
OD|Operations diverses|OD00151|20231123|218100|Installations generales, agencements divers|||OD114448|20231123|ECRITURE DE REGULARISATION 01/2025|10966,00|0,00|||20231124||
OD|Operations diverses|OD00151|20231123|512000|Banque principale|||OD114448|20231123|ECRITURE DE REGULARISATION 01/2025|0,00|10966,00|||20231124||
OD|Operations diverses|OD00152|20230331|740000|Subventions d'exploitation|||OD037478|20230331|ECRITURE DE REGULARISATION 01/2025|1964,45|0,00|||20230401||
OD|Operations diverses|OD00152|20230331|468600|Charges a payer|||OD037478|20230331|ECRITURE DE REGULARISATION 01/2025|0,00|1964,45|||20230401||
OD|Operations diverses|OD00153|20230925|500000|Valeurs mobilieres de placement|||OD092940|20230925|ECRITURE DE REGULARISATION 02/2025|116,39|0,00|||20230930||
OD|Operations diverses|OD00153|20230925|635000|Autres impots, taxes et versements assimiles|||OD092940|20230925|ECRITURE DE REGULARISATION 02/2025|0,00|116,39|||20230930||
OD|Operations diverses|OD00154|20230728|622600|Honoraires|||OD072229|20230728|ECRITURE DE REGULARISATION 01/2025|1425,47|0,00|||20230801||
OD|Operations diverses|OD00154|20230728|419100|Clients - Avances et acomptes recus|||OD072229|20230728|ECRITURE DE REGULARISATION 01/2025|0,00|1425,47|||20230801||
OD|Operations diverses|OD00155|20231009|623400|Cadeaux a la clientele|||OD107549|20231009|ECRITURE DE REGULARISATION 02/2025|544,77|0,00|||20231012||
OD|Operations diverses|OD00155|20231009|419100|Clients - Avances et acomptes recus|||OD107549|20231009|ECRITURE DE REGULARISATION 02/2025|0,00|544,77|||20231012||
OD|Operations diverses|OD00156|20230614|165000|Depots et cautionnements recus|||OD065056|20230614|ECRITURE DE REGULARISATION 02/2025|446,48|0,00|||20230621||
OD|Operations diverses|OD00156|20230614|623400|Cadeaux a la clientele|||OD065056|20230614|ECRITURE DE REGULARISATION 02/2025|0,00|446,48|||20230621||
OD|Operations diverses|OD00157|20230301|590000|Depreciation des valeurs mobilieres de placement|||OD033433|20230301|ECRITURE DE REGULARISATION 02/2025|27,84|0,00|||20230301||
OD|Operations diverses|OD00157|20230301|623000|Publicite, publications, relations publiques|||OD033433|20230301|ECRITURE DE REGULARISATION 02/2025|0,00|27,84|||20230301||
OD|Operations diverses|OD00158|20230729|164000|Emprunts aupres des etablissements de credit|||OD071985|20230728|ECRITURE DE REGULARISATION 01/2025|897,47|0,00|||20230802||
OD|Operations diverses|OD00158|20230728|511000|Valeurs a l'encaissement|||OD071985|20230728|ECRITURE DE REGULARISATION 01/2025|0,00|897,47|||20230802||
OD|Operations diverses|OD00159|20230106|648000|Autres charges de personnel|||OD014890|20230106|ECRITURE DE REGULARISATION 01/2025|445,30|0,00|||20230109||
OD|Operations diverses|OD00159|20230106|441000|Etat - Impot sur les benefices|||OD014890|20230106|ECRITURE DE REGULARISATION 01/2025|0,00|445,30|||20230109||
OD|Operations diverses|OD00160|20230323|681110|Dot. amort. sur immo. incorporelles|||OD031965|20230323|ECRITURE DE REGULARISATION 01/2025|1062,95|0,00|||20230327||
OD|Operations diverses|OD00160|20230323|580000|Virements internes|||OD031965|20230323|ECRITURE DE REGULARISATION 01/2025|0,00|1062,95|||20230327||
OD|Operations diverses|OD00161|20230630|606400|Fournitures administratives|||OD068048|20230630|ECRITURE DE REGULARISATION 02/2025|377,04|0,00|||20230702||
OD|Operations diverses|OD00161|20230630|437000|Autres organismes sociaux|||OD068048|20230630|ECRITURE DE REGULARISATION 02/2025|0,00|377,04|||20230702||
OD|Operations diverses|OD00162|20231013|580000|Virements internes|||OD106423|20231013|ECRITURE DE REGULARISATION 02/2025|483,71|0,00|||20231017||
OD|Operations diverses|OD00162|20231013|218200|Materiel de transport|||OD106423|20231013|ECRITURE DE REGULARISATION 02/2025|0,00|483,71|||20231017||
OD|Operations diverses|OD00163|20230117|447100|Autres impots, taxes et versements assimiles|||OD018515|20230117|ECRITURE DE REGULARISATION 02/2025|596,41|0,00|||20230119||
OD|Operations diverses|OD00163|20230117|321000|Matieres consommables|||OD018515|20230117|ECRITURE DE REGULARISATION 02/2025|0,00|596,41|||20230119||
VE|Ventes|VE00001|20230317|413000|Clients - Effets a recevoir|||VE038249|20230317|FACT CLIENT CLIENT ALPHA 755094|662,72|0,00|||20230318||
VE|Ventes|VE00001|20230317|468600|Charges a payer|||VE038249|20230317|FACT CLIENT CLIENT ALPHA 755094|0,00|662,72|||20230318||
VE|Ventes|VE00002|20231017|709000|Rabais, remises et ristournes accordes|||VE101881|20231017|FACT CLIENT CLIENT DELTA 93251|548,91|0,00|||20231017||
VE|Ventes|VE00002|20231017|766000|Gains de change|||VE101881|20231017|FACT CLIENT CLIENT DELTA 93251|0,00|548,91|||20231017||
VE|Ventes|VE00003|20231013|419100|Clients - Avances et acomptes recus|||VE101945|20231013|FACT CLIENT CLIENT GAMMA 26826|67,77|0,00|||20231014||
VE|Ventes|VE00003|20231013|437000|Autres organismes sociaux|||VE101945|20231013|FACT CLIENT CLIENT GAMMA 26826|0,00|67,77|||20231014||
VE|Ventes|VE00004|20230811|411000|Clients|C00005|CLIENT EPSILON|VE086252|20230811|FACT CLIENT CLIENT DELTA 903472|4999,65|0,00|||20230811||
VE|Ventes|VE00004|20230811|371000|Stock de marchandises|||VE086252|20230811|FACT CLIENT CLIENT DELTA 903472|0,00|4999,65|||20230811||
VE|Ventes|VE00005|20230202|418100|Clients - Factures a etablir|||VE024340|20230202|FACT CLIENT CLIENT EPSILON 908649|612,16|0,00|||20230208||
VE|Ventes|VE00005|20230202|213100|Constructions - Batiments|||VE024340|20230202|FACT CLIENT CLIENT EPSILON 908649|0,00|612,16|||20230208||
VE|Ventes|VE00006|20231204|708500|Ports et frais accessoires factures|||VE125538|20231204|FACT CLIENT CLIENT GAMMA 935962|1092,02|0,00|||20231206||
VE|Ventes|VE00006|20231204|762000|Produits des autres immobilisations financieres|||VE125538|20231204|FACT CLIENT CLIENT GAMMA 935962|0,00|1092,02|||20231206||
VE|Ventes|VE00007|20231117|701000|Ventes de produits finis|||VE119858|20231117|FACT CLIENT CLIENT BETA 858240|983,43|0,00|||20231124||
VE|Ventes|VE00007|20231117|419100|Clients - Avances et acomptes recus|||VE119858|20231117|FACT CLIENT CLIENT BETA 858240|0,00|983,43|||20231124||
VE|Ventes|VE00008|20230608|416000|Clients douteux|||VE069082|20230608|FACT CLIENT CLIENT EPSILON 164519|609,79|0,00|||20230610||
VE|Ventes|VE00008|20230608|500000|Valeurs mobilieres de placement|||VE069082|20230608|FACT CLIENT CLIENT EPSILON 164519|0,00|609,79|||20230610||
VE|Ventes|VE00009|20231114|708500|Ports et frais accessoires factures|||VE118846|20231114|FACT CLIENT CLIENT BETA 220069|1441,14|0,00|||20231117||
VE|Ventes|VE00009|20231114|445520|TVA due intracommunautaire|||VE118846|20231114|FACT CLIENT CLIENT BETA 220069|0,00|1441,14|||20231117||
VE|Ventes|VE00010|20231017|419100|Clients - Avances et acomptes recus|||VE105268|20231017|FACT CLIENT CLIENT DELTA 838156|546,95|0,00|||20231022||
VE|Ventes|VE00010|20231017|215400|Materiel industriel|||VE105268|20231017|FACT CLIENT CLIENT DELTA 838156|0,00|546,95|||20231022||
VE|Ventes|VE00011|20230901|413000|Clients - Effets a recevoir|||VE093994|20230901|FACT CLIENT CLIENT GAMMA 514080|251,34|0,00|||20230906||
VE|Ventes|VE00011|20230901|428200|Personnel - Conges payes|||VE093994|20230901|FACT CLIENT CLIENT GAMMA 514080|0,00|251,34|||20230906||
VE|Ventes|VE00012|20230410|418100|Clients - Factures a etablir|||VE042526|20230410|FACT CLIENT CLIENT BETA 321608|151,61|0,00|||20230410||
VE|Ventes|VE00012|20230410|218100|Installations generales, agencements divers|||VE042526|20230410|FACT CLIENT CLIENT BETA 321608|0,00|151,61|||20230410||
VE|Ventes|VE00013|20230417|706000|Prestations de services|||VE047189|20230417|FACT CLIENT CLIENT GAMMA 204899|1649,30|0,00|||20230419||
VE|Ventes|VE00013|20230417|425000|Personnel - Avances et acomptes|||VE047189|20230417|FACT CLIENT CLIENT GAMMA 204899|0,00|1649,30|||20230419||
VE|Ventes|VE00014|20230310|709000|Rabais, remises et ristournes accordes|||VE032045|20230310|FACT CLIENT CLIENT DELTA 71585|338,75|0,00|||20230317||
VE|Ventes|VE00014|20230310|445660|TVA deductible sur ABS|||VE032045|20230310|FACT CLIENT CLIENT DELTA 71585|0,00|338,75|||20230317||
VE|Ventes|VE00015|20231024|418100|Clients - Factures a etablir|||VE109761|20231024|FACT CLIENT CLIENT BETA 149994|214,31|0,00|||20231031||
VE|Ventes|VE00015|20231024|661000|Charges d'interets|||VE109761|20231024|FACT CLIENT CLIENT BETA 149994|0,00|214,31|||20231031||
VE|Ventes|VE00016|20231011|413000|Clients - Effets a recevoir|||VE109122|20231011|FACT CLIENT CLIENT ALPHA 289115|189,54|0,00|||20231015||
VE|Ventes|VE00016|20231011|431000|Securite sociale|||VE109122|20231011|FACT CLIENT CLIENT ALPHA 289115|0,00|189,54|||20231015||
VE|Ventes|VE00017|20230320|413000|Clients - Effets a recevoir|||VE036066|20230320|FACT CLIENT CLIENT GAMMA 149180|447,22|0,00|||20230322||
VE|Ventes|VE00017|20230320|658000|Charges diverses de gestion courante|||VE036066|20230320|FACT CLIENT CLIENT GAMMA 149180|0,00|447,22|||20230322||
VE|Ventes|VE00018|20231006|411000|Clients|C00009|CLIENT IOTA|VE107534|20231006|FACT CLIENT CLIENT DELTA 928307|5911,29|0,00|F5|20231227|20231012||
VE|Ventes|VE00018|20231006|445520|TVA due intracommunautaire|||VE107534|20231006|FACT CLIENT CLIENT DELTA 928307|0,00|5911,29|||20231012||
VE|Ventes|VE00019|20230530|419100|Clients - Avances et acomptes recus|||VE054938|20230530|FACT CLIENT CLIENT BETA 509208|393,63|0,00|||20230531||
VE|Ventes|VE00019|20230530|708500|Ports et frais accessoires factures|||VE054938|20230530|FACT CLIENT CLIENT BETA 509208|0,00|393,63|||20230531||
VE|Ventes|VE00020|20230630|411000|Clients|C00003|CLIENT GAMMA|VE062454|20230630|FACT CLIENT CLIENT GAMMA 420518|1787,68|0,00|||20230702||
VE|Ventes|VE00020|20230630|625700|Receptions|||VE062454|20230630|FACT CLIENT CLIENT GAMMA 420518|0,00|1787,68|||20230702||
VE|Ventes|VE00021|20231011|411000|Clients|C00010|CLIENT KAPPA|VE101520|20231011|FACT CLIENT CLIENT GAMMA 931860|5061,57|0,00|T7|20231224|20231013||
VE|Ventes|VE00021|20231011|765000|Escomptes obtenus|||VE101520|20231011|FACT CLIENT CLIENT GAMMA 931860|0,00|5061,57|||20231013||
VE|Ventes|VE00022|20230512|708500|Ports et frais accessoires factures|||VE052958|20230512|FACT CLIENT CLIENT DELTA 535725|1875,69|0,00|||20230514||
VE|Ventes|VE00022|20230512|413000|Clients - Effets a recevoir|||VE052958|20230512|FACT CLIENT CLIENT DELTA 535725|0,00|1875,69|||20230514||
VE|Ventes|VE00023|20230329|701000|Ventes de produits finis|||VE037435|20230329|FACT CLIENT CLIENT BETA 775380|917,04|0,00|||20230405||
VE|Ventes|VE00023|20230329|418100|Clients - Factures a etablir|||VE037435|20230329|FACT CLIENT CLIENT BETA 775380|0,00|917,04|||20230405||
VE|Ventes|VE00024|20230421|411000|Clients|C00006|CLIENT ZETA|VE041110|20230421|FACT CLIENT CLIENT DELTA 733460|9541,40|0,00|||20230425||
VE|Ventes|VE00024|20230421|691000|Participation des salaries aux resultats|||VE041110|20230421|FACT CLIENT CLIENT DELTA 733460|0,00|9541,40|||20230425||
VE|Ventes|VE00025|20230710|709000|Rabais, remises et ristournes accordes|||VE072475|20230710|FACT CLIENT CLIENT ALPHA 376109|769,82|0,00|||20230713||
VE|Ventes|VE00025|20230710|751000|Redevances pour concessions, brevets, licences, etc.|||VE072475|20230710|FACT CLIENT CLIENT ALPHA 376109|0,00|769,82|||20230713||
VE|Ventes|VE00026|20230211|709000|Rabais, remises et ristournes accordes|||VE023371|20230208|FACT CLIENT CLIENT BETA 622059|1318,23|0,00|||20230213||
VE|Ventes|VE00026|20230208|798000|Integration fiscale - Produits|||VE023371|20230208|FACT CLIENT CLIENT BETA 622059|0,00|1318,23|||20230213||
VE|Ventes|VE00027|20231031|416000|Clients douteux|||VE104671|20231031|FACT CLIENT CLIENT GAMMA 135702|577,32|0,00|||20231106||
VE|Ventes|VE00027|20231031|645000|Charges de securite sociale et de prevoyance|||VE104671|20231031|FACT CLIENT CLIENT GAMMA 135702|0,00|577,32|||20231106||
VE|Ventes|VE00028|20230728|418100|Clients - Factures a etablir|||VE077709|20230728|FACT CLIENT CLIENT BETA 785191|248,11|0,00|||20230802||
VE|Ventes|VE00028|20230728|350000|Produits finis|||VE077709|20230728|FACT CLIENT CLIENT BETA 785191|0,00|248,11|||20230802||
VE|Ventes|VE00029|20230316|706000|Prestations de services|||VE033862|20230316|FACT CLIENT CLIENT ALPHA 708952|249,98|0,00|||20230318||
VE|Ventes|VE00029|20230318|623100|Annonces et insertions|||VE033862|20230316|FACT CLIENT CLIENT ALPHA 708952|0,00|249,98|||20230318||
VE|Ventes|VE00030|20230310|419100|Clients - Avances et acomptes recus|||VE032936|20230310|FACT CLIENT CLIENT BETA 49750|17,55|0,00|||20230316||
VE|Ventes|VE00030|20230310|681740|Dot. provisions sur creances|||VE032936|20230310|FACT CLIENT CLIENT BETA 49750|0,00|17,55|||20230316||
VE|Ventes|VE00031|20230306|411000|Clients|C00006|CLIENT ZETA|VE034572|20230306|FACT CLIENT CLIENT EPSILON 896287|3759,73|0,00|||20230307||
VE|Ventes|VE00031|20230306|647000|Autres charges sociales|||VE034572|20230306|FACT CLIENT CLIENT EPSILON 896287|0,00|3759,73|||20230307||
VE|Ventes|VE00032|20230519|701000|Ventes de produits finis|||VE057188|20230519|FACT CLIENT CLIENT GAMMA 45698|1681,89|0,00|||20230525||
VE|Ventes|VE00032|20230519|713000|Variation des stocks|||VE057188|20230519|FACT CLIENT CLIENT GAMMA 45698|0,00|1681,89|||20230525||
VE|Ventes|VE00033|20230621|416000|Clients douteux|||VE061081|20230621|FACT CLIENT CLIENT DELTA 217648|816,55|0,00|||20230628||
VE|Ventes|VE00033|20230621|486000|Charges constatees d'avance|||VE061081|20230621|FACT CLIENT CLIENT DELTA 217648|0,00|816,55|||20230628||
VE|Ventes|VE00034|20231228|418100|Clients - Factures a etablir|||VE121393|20231228|FACT CLIENT CLIENT ALPHA 630925|844,26|0,00|||20231228||
VE|Ventes|VE00034|20231228|762000|Produits des autres immobilisations financieres|||VE121393|20231228|FACT CLIENT CLIENT ALPHA 630925|0,00|844,26|||20231228||
VE|Ventes|VE00035|20230920|707000|Ventes de marchandises|||VE092036|20230920|FACT CLIENT CLIENT ALPHA 275358|1968,39|0,00|||20230927||
VE|Ventes|VE00035|20230920|404000|Fournisseurs d'immobilisations|||VE092036|20230920|FACT CLIENT CLIENT ALPHA 275358|0,00|1968,39|||20230927||
VE|Ventes|VE00036|20230306|413000|Clients - Effets a recevoir|||VE031808|20230306|FACT CLIENT CLIENT GAMMA 399701|122,70|0,00|||20230312||
VE|Ventes|VE00036|20230306|445870|TVA sur factures a etablir|||VE031808|20230306|FACT CLIENT CLIENT GAMMA 399701|0,00|122,70|||20230312||
VE|Ventes|VE00037|20231201|707000|Ventes de marchandises|||VE127825|20231201|FACT CLIENT CLIENT BETA 703221|204,90|0,00|||20231202||
VE|Ventes|VE00037|20231201|428200|Personnel - Conges payes|||VE127825|20231201|FACT CLIENT CLIENT BETA 703221|0,00|204,90|||20231202||
VE|Ventes|VE00038|20230104|709000|Rabais, remises et ristournes accordes|||VE018423|20230104|FACT CLIENT CLIENT ALPHA 607112|482,89|0,00|||20230109||
VE|Ventes|VE00038|20230104|514000|Cheques postaux|||VE018423|20230104|FACT CLIENT CLIENT ALPHA 607112|0,00|482,89|||20230109||
VE|Ventes|VE00039|20230901|416000|Clients douteux|||VE096920|20230901|FACT CLIENT CLIENT GAMMA 620003|275,93|0,00|||20230907||
VE|Ventes|VE00039|20230901|120000|Resultat de l'exercice|||VE096920|20230901|FACT CLIENT CLIENT GAMMA 620003|0,00|275,93|||20230907||
VE|Ventes|VE00040|20230313|708500|Ports et frais accessoires factures|||VE033204|20230313|FACT CLIENT CLIENT EPSILON 250808|103,50|0,00|||20230314||
VE|Ventes|VE00040|20230313|616000|Primes d'assurance|||VE033204|20230313|FACT CLIENT CLIENT EPSILON 250808|0,00|103,50|||20230314||
VE|Ventes|VE00041|20230328|707000|Ventes de marchandises|||VE033974|20230328|FACT CLIENT CLIENT EPSILON 505044|287,11|0,00|||20230402||
VE|Ventes|VE00041|20230328|215400|Materiel industriel|||VE033974|20230328|FACT CLIENT CLIENT EPSILON 505044|0,00|287,11|||20230402||
VE|Ventes|VE00042|20230425|701000|Ventes de produits finis|||VE045527|20230425|FACT CLIENT CLIENT EPSILON 713130|1596,22|0,00|||20230429||
VE|Ventes|VE00042|20230425|281830|Amort. materiel de bureau|||VE045527|20230425|FACT CLIENT CLIENT EPSILON 713130|0,00|1596,22|||20230429||
VE|Ventes|VE00043|20230804|706000|Prestations de services|||VE089767|20230804|FACT CLIENT CLIENT BETA 611527|590,41|0,00|||20230805||
VE|Ventes|VE00043|20230804|468600|Charges a payer|||VE089767|20230804|FACT CLIENT CLIENT BETA 611527|0,00|590,41|||20230805||
VE|Ventes|VE00044|20230922|707000|Ventes de marchandises|||VE091739|20230922|FACT CLIENT CLIENT BETA 141719|826,37|0,00|||20230922||
VE|Ventes|VE00044|20230922|613200|Locations immobilieres|||VE091739|20230922|FACT CLIENT CLIENT BETA 141719|0,00|826,37|||20230922||
VE|Ventes|VE00045|20231006|411000|Clients|C00008|CLIENT THETA|VE107621|20231006|FACT CLIENT CLIENT BETA 502510|2441,09|0,00|||20231011||
VE|Ventes|VE00045|20231006|467000|Autres comptes debiteurs ou crediteurs|||VE107621|20231006|FACT CLIENT CLIENT BETA 502510|0,00|2441,09|||20231011||
VE|Ventes|VE00046|20230407|707000|Ventes de marchandises|||VE049121|20230407|FACT CLIENT CLIENT BETA 449617|769,87|0,00|||20230408||
VE|Ventes|VE00046|20230407|580000|Virements internes|||VE049121|20230407|FACT CLIENT CLIENT BETA 449617|0,00|769,87|||20230408||
VE|Ventes|VE00047|20230720|413000|Clients - Effets a recevoir|||VE071178|20230720|FACT CLIENT CLIENT GAMMA 484374|944,88|0,00|||20230727||
VE|Ventes|VE00047|20230720|205000|Logiciels|||VE071178|20230720|FACT CLIENT CLIENT GAMMA 484374|0,00|944,88|||20230727||
VE|Ventes|VE00048|20230504|413000|Clients - Effets a recevoir|||VE057495|20230504|FACT CLIENT CLIENT DELTA 391977|167,08|0,00|||20230511||
VE|Ventes|VE00048|20230504|675000|Valeurs comptables des elements d'actif cedes|||VE057495|20230504|FACT CLIENT CLIENT DELTA 391977|0,00|167,08|||20230511||
VE|Ventes|VE00049|20230619|708500|Ports et frais accessoires factures|||VE063686|20230619|FACT CLIENT CLIENT BETA 674996|683,51|0,00|||20230624||
VE|Ventes|VE00049|20230619|606100|Electricite, gaz, eau|||VE063686|20230619|FACT CLIENT CLIENT BETA 674996|0,00|683,51|||20230624||
VE|Ventes|VE00050|20230912|413000|Clients - Effets a recevoir|||VE098775|20230912|FACT CLIENT CLIENT GAMMA 440647|115,32|0,00|||20230915||
VE|Ventes|VE00050|20230912|455000|Associes - Comptes courants|||VE098775|20230912|FACT CLIENT CLIENT GAMMA 440647|0,00|115,32|||20230915||
VE|Ventes|VE00051|20230417|416000|Clients douteux|||VE046971|20230417|FACT CLIENT CLIENT BETA 831996|540,50|0,00|||20230417||
VE|Ventes|VE00051|20230417|608500|Frais accessoires d'achat|||VE046971|20230417|FACT CLIENT CLIENT BETA 831996|0,00|540,50|||20230417||
VE|Ventes|VE00052|20231009|418100|Clients - Factures a etablir|||VE106116|20231009|FACT CLIENT CLIENT ALPHA 138738|47,21|0,00|||20231016||
VE|Ventes|VE00052|20231009|635000|Autres impots, taxes et versements assimiles|||VE106116|20231009|FACT CLIENT CLIENT ALPHA 138738|0,00|47,21|||20231016||
VE|Ventes|VE00053|20230413|411000|Clients|C00003|CLIENT GAMMA|VE041186|20230413|FACT CLIENT CLIENT GAMMA 822155|8751,80|0,00|||20230418||
VE|Ventes|VE00053|20230413|607000|Achats de marchandises|||VE041186|20230413|FACT CLIENT CLIENT GAMMA 822155|0,00|8751,80|||20230418||
VE|Ventes|VE00054|20230418|418100|Clients - Factures a etablir|||OD039104|20230418|FACT CLIENT CLIENT BETA 252522|944,59|0,00|||20230424||
VE|Ventes|VE00054|20230418|428200|Personnel - Conges payes|||VE042568|20230418|FACT CLIENT CLIENT BETA 252522|0,00|944,59|||20230424||
VE|Ventes|VE00055|20230412|419100|Clients - Avances et acomptes recus|||VE047996|20230412|FACT CLIENT CLIENT EPSILON 558021|52,41|0,00|||20230419||
VE|Ventes|VE00055|20230412|106800|Autres reserves|||VE047996|20230412|FACT CLIENT CLIENT EPSILON 558021|0,00|52,41|||20230419||
VE|Ventes|VE00056|20231019|416000|Clients douteux|||VE106247|20231019|FACT CLIENT CLIENT DELTA 808178|741,69|0,00|||20231024||
VE|Ventes|VE00056|20231019|408400|Fournisseurs d'immobilisations - Factures non parvenues|||VE106247|20231019|FACT CLIENT CLIENT DELTA 808178|0,00|741,69|||20231024||
VE|Ventes|VE00057|20230728|701000|Ventes de produits finis|||VE073844|20230728|FACT CLIENT CLIENT GAMMA 598912|708,20|0,00|||20230731||
VE|Ventes|VE00057|20230728|614000|Charges locatives|||VE073844|20230728|FACT CLIENT CLIENT GAMMA 598912|0,00|708,20|||20230731||
VE|Ventes|VE00058|20230113|419100|Clients - Avances et acomptes recus|||VE012658|20230113|FACT CLIENT CLIENT GAMMA 350083|771,65|0,00|||20230118||
VE|Ventes|VE00058|20230113|625100|Voyages et deplacements|||VE012658|20230113|FACT CLIENT CLIENT GAMMA 350083|0,00|771,65|||20230118||
VE|Ventes|VE00059|20230919|419100|Clients - Avances et acomptes recus|||VE097941|20230919|FACT CLIENT CLIENT DELTA 465700|904,62|0,00|||20230922||
VE|Ventes|VE00059|20230919|281840|Amort. mobilier|||VE097941|20230919|FACT CLIENT CLIENT DELTA 465700|0,00|904,62|||20230922||
VE|Ventes|VE00060|20231206|709000|Rabais, remises et ristournes accordes|||VE127432|20231206|FACT CLIENT CLIENT DELTA 124408|1121,97|0,00|||20231212||
VE|Ventes|VE00060|20231206|321000|Matieres consommables|||VE127432|20231206|FACT CLIENT CLIENT DELTA 124408|0,00|1121,97|||20231212||
VE|Ventes|VE00061|20231208|418100|Clients - Factures a etablir|||VE129154|20231208|FACT CLIENT CLIENT ALPHA 280977|696,07|0,00|||20231209||
VE|Ventes|VE00061|20231208|623000|Publicite, publications, relations publiques|||VE129154|20231208|FACT CLIENT CLIENT ALPHA 280977|0,00|696,07|||20231209||
VE|Ventes|VE00062|20230802|419100|Clients - Avances et acomptes recus|||VE087561|20230802|FACT CLIENT CLIENT BETA 588898|202,16|0,00|||20230805||
VE|Ventes|VE00062|20230802|611000|Sous-traitance generale|||VE087561|20230802|FACT CLIENT CLIENT BETA 588898|0,00|202,16|||20230805||
VE|Ventes|VE00063|20230914|701000|Ventes de produits finis|||VE093376|20230914|FACT CLIENT CLIENT BETA 304909|350,31|0,00|||20230917||
VE|Ventes|VE00063|20230914|781500|Reprises sur provisions pour risques et charges d'exploitation|||VE093376|20230914|FACT CLIENT CLIENT BETA 304909|0,00|350,31|||20230917||
VE|Ventes|VE00064|20230502|416000|Clients douteux|||VE051416|20230502|FACT CLIENT CLIENT ALPHA 823404|849,78|0,00|||20230504||
VE|Ventes|VE00064|20230502|681500|Dot. provisions pour risques et charges d'exploitation|||VE051416|20230502|FACT CLIENT CLIENT ALPHA 823404|0,00|849,78|||20230504||
VE|Ventes|VE00065|20231124|708500|Ports et frais accessoires factures|||VE119596|20231124|FACT CLIENT CLIENT EPSILON 334768|1337,97|0,00|||20231128||
VE|Ventes|VE00065|20231124|602260|Achats d'emballages|||VE119596|20231124|FACT CLIENT CLIENT EPSILON 334768|0,00|1337,97|||20231128||
VE|Ventes|VE00066|20230310|701000|Ventes de produits finis|||VE033606|20230310|FACT CLIENT CLIENT BETA 561329|1471,75|0,00|||20230313||
VE|Ventes|VE00066|20230310|421000|Personnel - Remunerations dues|||VE033606|20230310|FACT CLIENT CLIENT BETA 561329|0,00|1471,75|||20230313||
VE|Ventes|VE00067|20231020|709000|Rabais, remises et ristournes accordes|||VE103468|20231020|FACT CLIENT CLIENT BETA 96653|530,45|0,00|||20231021||
VE|Ventes|VE00067|20231020|602100|Achats de matieres consommables|||VE103468|20231020|FACT CLIENT CLIENT BETA 96653|0,00|530,45|||20231021||
VE|Ventes|VE00068|20230403|419100|Clients - Avances et acomptes recus|||VE046625|20230403|FACT CLIENT CLIENT BETA 156967|397,72|0,00|||20230410||
VE|Ventes|VE00068|20230403|281540|Amort. materiel industriel|||VE046625|20230403|FACT CLIENT CLIENT BETA 156967|0,00|397,72|||20230410||
VE|Ventes|VE00069|20230505|708500|Ports et frais accessoires factures|||VE051446|20230505|FACT CLIENT CLIENT GAMMA 883336|681,20|0,00|||20230512||
VE|Ventes|VE00069|20230505|606300|Fournitures d'entretien et petit equipement|||VE051446|20230505|FACT CLIENT CLIENT GAMMA 883336|0,00|681,20|||20230512||
VE|Ventes|VE00070|20231205|413000|Clients - Effets a recevoir|||VE122225|20231205|FACT CLIENT CLIENT DELTA 23158|694,69|0,00|||20231208||
VE|Ventes|VE00070|20231205|695000|Impots sur les benefices|||VE122225|20231205|FACT CLIENT CLIENT DELTA 23158|0,00|694,69|||20231208||
VE|Ventes|VE00071|20230811|707000|Ventes de marchandises|||VE089310|20230811|FACT CLIENT CLIENT BETA 392186|1271,99|0,00|||20230816||
VE|Ventes|VE00071|20230811|213500|Installations generales, agencements|||VE089310|20230811|FACT CLIENT CLIENT BETA 392186|0,00|1271,99|||20230816||
VE|Ventes|VE00072|20230419|701000|Ventes de produits finis|||VE047808|20230419|FACT CLIENT CLIENT BETA 45758|652,69|0,00|||20230422||
VE|Ventes|VE00072|20230419|281310|Amort. batiments|||VE047808|20230419|FACT CLIENT CLIENT BETA 45758|0,00|652,69|||20230422||
VE|Ventes|VE00073|20230331|707000|Ventes de marchandises|||VE031658|20230331|FACT CLIENT CLIENT BETA 582877|423,27|0,00|||20230405||
VE|Ventes|VE00073|20230331|445870|TVA sur factures a etablir|||VE031658|20230331|FACT CLIENT CLIENT BETA 582877|0,00|423,27|||20230405||
VE|Ventes|VE00074|20230612|706000|Prestations de services|||VE061829|20230612|FACT CLIENT CLIENT GAMMA 106238|1229,95|0,00|||20230614||
VE|Ventes|VE00074|20230612|765000|Escomptes obtenus|||VE061829|20230612|FACT CLIENT CLIENT GAMMA 106238|0,00|1229,95|||20230614||
VE|Ventes|VE00075|20231214|419100|Clients - Avances et acomptes recus|||VE126376|20231214|FACT CLIENT CLIENT DELTA 223214|531,30|0,00|||20231214||
VE|Ventes|VE00075|20231214|614000|Charges locatives|||VE126376|20231214|FACT CLIENT CLIENT DELTA 223214|0,00|531,30|||20231214||
VE|Ventes|VE00076|20230404|416000|Clients douteux|||VE049677|20230404|FACT CLIENT CLIENT BETA 205970|834,86|0,00|||20230409||
VE|Ventes|VE00076|20230404|691000|Participation des salaries aux resultats|||VE049677|20230404|FACT CLIENT CLIENT BETA 205970|0,00|834,86|||20230409||
VE|Ventes|VE00077|20230721|706000|Prestations de services|||VE075805|20230721|FACT CLIENT CLIENT ALPHA 122713|1030,72|0,00|||20230728||
VE|Ventes|VE00077|20230721|120000|Resultat de l'exercice|||VE075805|20230721|FACT CLIENT CLIENT ALPHA 122713|0,00|1030,72|||20230728||
VE|Ventes|VE00078|20230724|708500|Ports et frais accessoires factures|||VE073318|20230724|FACT CLIENT CLIENT BETA 621548|1109,00|0,00|||20230724||
VE|Ventes|VE00078|20230724|408400|Fournisseurs d'immobilisations - Factures non parvenues|||VE073318|20230724|FACT CLIENT CLIENT BETA 621548|0,00|1109,00|||20230724||
VE|Ventes|VE00079|20230626|709000|Rabais, remises et ristournes accordes|||VE067913|20230626|FACT CLIENT CLIENT BETA 539706|55,54|0,00|||20230629||
VE|Ventes|VE00079|20230626|625700|Receptions|||VE067913|20230626|FACT CLIENT CLIENT BETA 539706|0,00|55,54|||20230629||
VE|Ventes|VE00080|20230517|709000|Rabais, remises et ristournes accordes|||VE053748|20230517|FACT CLIENT CLIENT GAMMA 743722|1467,55|0,00|||20230521||
VE|Ventes|VE00080|20230517|370000|Marchandises|||VE053748|20230517|FACT CLIENT CLIENT GAMMA 743722|0,00|1467,55|||20230521||
VE|Ventes|VE00081|20230705|709000|Rabais, remises et ristournes accordes|||VE075992|20230705|FACT CLIENT CLIENT DELTA 148877|1167,44|0,00|||20230712||
VE|Ventes|VE00081|20230705|101000|Capital social|||VE075992|20230705|FACT CLIENT CLIENT DELTA 148877|0,00|1167,44|||20230712||
VE|Ventes|VE00082|20230414|411000|Clients|C00007|CLIENT ETA|VE048579|20230414|FACT CLIENT CLIENT EPSILON 386685|2517,84|0,00|||20230415||
VE|Ventes|VE00082|20230414|207000|Fonds commercial|||VE048579|20230414|FACT CLIENT CLIENT EPSILON 386685|0,00|2517,84|||20230415||
VE|Ventes|VE00083|20230721|706000|Prestations de services|||VE072410|20230721|FACT CLIENT CLIENT EPSILON 61634|1688,64|0,00|||20230726||
VE|Ventes|VE00083|20230721|606100|Electricite, gaz, eau|||VE072410|20230721|FACT CLIENT CLIENT EPSILON 61634|0,00|1688,64|||20230726||
VE|Ventes|VE00084|20230106|416000|Clients douteux|||VE012718|20230106|FACT CLIENT CLIENT DELTA 121085|562,13|0,00|||20230112||
VE|Ventes|VE00084|20230106|281820|Amort. materiel de transport|||VE012718|20230106|FACT CLIENT CLIENT DELTA 121085|0,00|562,13|||20230112||
VE|Ventes|VE00085|20231103|419100|Clients - Avances et acomptes recus|||VE114141|20231103|FACT CLIENT CLIENT EPSILON 800904|206,02|0,00|||20231107||
VE|Ventes|VE00085|20231103|791000|Transferts de charges d'exploitation|||VE114141|20231103|FACT CLIENT CLIENT EPSILON 800904|0,00|206,02|||20231107||
VE|Ventes|VE00086|20230825|708500|Ports et frais accessoires factures|||VE088774|20230825|FACT CLIENT CLIENT BETA 124852|711,06|0,00|||20230830||
VE|Ventes|VE00086|20230825|645000|Charges de securite sociale et de prevoyance|||VE088774|20230825|FACT CLIENT CLIENT BETA 124852|0,00|711,06|||20230830||
VE|Ventes|VE00087|20230529|411000|Clients|C00004|CLIENT DELTA|VE055647|20230529|FACT CLIENT CLIENT GAMMA 19590|2849,47|0,00|||20230604||
VE|Ventes|VE00087|20230529|707000|Ventes de marchandises|||VE055647|20230529|FACT CLIENT CLIENT GAMMA 19590|0,00|2849,47|||20230604||
VE|Ventes|VE00088|20230306|419100|Clients - Avances et acomptes recus|||VE031010|20230306|FACT CLIENT CLIENT DELTA 389105|445,33|0,00|||20230311||
VE|Ventes|VE00088|20230306|627000|Services bancaires et assimiles|||VE031010|20230306|FACT CLIENT CLIENT DELTA 389105|0,00|445,33|||20230311||
VE|Ventes|VE00089|20230413|418100|Clients - Factures a etablir|||VE042268|20230413|FACT CLIENT CLIENT DELTA 738962|434,15|0,00|||20230419||
VE|Ventes|VE00089|20230413|120000|Resultat de l'exercice|||VE042268|20230413|FACT CLIENT CLIENT DELTA 738962|0,00|434,15|||20230419||
VE|Ventes|VE00090|20230207|708500|Ports et frais accessoires factures|||VE026344|20230207|FACT CLIENT CLIENT BETA 48939|1631,31|0,00|||20230207||
VE|Ventes|VE00090|20230207|720000|Production immobilisee|||VE026344|20230207|FACT CLIENT CLIENT BETA 48939|0,00|1631,31|||20230207||
VE|Ventes|VE00091|20230529|416000|Clients douteux|||VE054892|20230529|FACT CLIENT CLIENT DELTA 725292|287,29|0,00|||20230531||
VE|Ventes|VE00091|20230529|444000|Etat - Impots sur les benefices|||VE054892|20230529|FACT CLIENT CLIENT DELTA 725292|0,00|287,29|||20230531||
VE|Ventes|VE00092|20231019|419100|Clients - Avances et acomptes recus|||VE105198|20231019|FACT CLIENT CLIENT DELTA 802307|669,52|0,00|||20231021||
VE|Ventes|VE00092|20231019|625700|Receptions|||VE105198|20231019|FACT CLIENT CLIENT DELTA 802307|0,00|669,52|||20231021||
VE|Ventes|VE00093|20230504|701000|Ventes de produits finis|||VE053407|20230504|FACT CLIENT CLIENT BETA 35115|1522,18|0,00|||20230510||
VE|Ventes|VE00093|20230504|321000|Matieres consommables|||VE053407|20230504|FACT CLIENT CLIENT BETA 35115|0,00|1522,18|||20230510||
VE|Ventes|VE00094|20230706|701000|Ventes de produits finis|||VE074426|20230706|FACT CLIENT CLIENT ALPHA 899912|109,33|0,00|||20230707||
VE|Ventes|VE00094|20230706|654000|Pertes sur creances irrecouvrables|||VE074426|20230706|FACT CLIENT CLIENT ALPHA 899912|0,00|109,33|||20230707||
VE|Ventes|VE00095|20231107|707000|Ventes de marchandises|||VE119643|20231107|FACT CLIENT CLIENT BETA 328995|1047,49|0,00|||20231111||
VE|Ventes|VE00095|20231107|487000|Produits constates d'avance|||VE119643|20231107|FACT CLIENT CLIENT BETA 328995|0,00|1047,49|||20231111||
VE|Ventes|VE00096|20230707|413000|Clients - Effets a recevoir|||VE077951|20230707|FACT CLIENT CLIENT ALPHA 263534|903,95|0,00|||20230707||
VE|Ventes|VE00096|20230707|517000|Autres organismes financiers|||VE077951|20230707|FACT CLIENT CLIENT ALPHA 263534|0,00|903,95|||20230707||
VE|Ventes|VE00097|20231222|707000|Ventes de marchandises|||VE125296|20231222|FACT CLIENT CLIENT EPSILON 833526|819,25|0,00|||20231225||
VE|Ventes|VE00097|20231222|786500|Reprises sur provisions pour risques et charges financiers|||VE125296|20231222|FACT CLIENT CLIENT EPSILON 833526|0,00|819,25|||20231225||
VE|Ventes|VE00098|20230718|418100|Clients - Factures a etablir|||VE071284|20230718|FACT CLIENT CLIENT EPSILON 812342|97,94|0,00|||20230723||
VE|Ventes|VE00098|20230718|411000|Clients|C00007|CLIENT ETA|VE071284|20230718|FACT CLIENT CLIENT EPSILON 812342|0,00|97,94|||20230723||
VE|Ventes|VE00099|20230807|413000|Clients - Effets a recevoir|||VE085855|20230807|FACT CLIENT CLIENT BETA 179132|123,30|0,00|||20230808||
VE|Ventes|VE00099|20230807|763000|Revenus des autres creances|||VE085855|20230807|FACT CLIENT CLIENT BETA 179132|0,00|123,30|||20230808||
VE|Ventes|VE00100|20230616|709000|Rabais, remises et ristournes accordes|||VE065721|20230616|FACT CLIENT CLIENT EPSILON 435724|1338,55|0,00|||20230616||
VE|Ventes|VE00100|20230616|621000|Personnel exterieur a l'entreprise|||VE065721|20230616|FACT CLIENT CLIENT EPSILON 435724|0,00|1338,55|||20230616||
VE|Ventes|VE00101|20230224|418100|Clients - Factures a etablir|||VE026966|20230224|FACT CLIENT CLIENT DELTA 437567|997,45|0,00|||20230302||
VE|Ventes|VE00101|20230224|623100|Annonces et insertions|||VE026966|20230224|FACT CLIENT CLIENT DELTA 437567|0,00|997,45|||20230302||
VE|Ventes|VE00102|20230125|419100|Clients - Avances et acomptes recus|||VE014559|20230125|FACT CLIENT CLIENT ALPHA 307076|852,21|0,00|||20230129||
VE|Ventes|VE00102|20230125|418100|Clients - Factures a etablir|||VE014559|20230125|FACT CLIENT CLIENT ALPHA 307076|0,00|852,21|||20230129||
VE|Ventes|VE00103|20230814|707000|Ventes de marchandises|||VE081931|20230814|FACT CLIENT CLIENT GAMMA 563446|1677,95|0,00|||20230815||
VE|Ventes|VE00103|20230814|355000|Produits finis (groupe)|||VE081931|20230814|FACT CLIENT CLIENT GAMMA 563446|0,00|1677,95|||20230815||
VE|Ventes|VE00104|20230817|413000|Clients - Effets a recevoir|||VE089240|20230817|FACT CLIENT CLIENT ALPHA 894226|177,63|0,00|||20230820||
VE|Ventes|VE00104|20230817|203000|Frais de recherche et developpement|||VE089240|20230817|FACT CLIENT CLIENT ALPHA 894226|0,00|177,63|||20230820||
VE|Ventes|VE00105|20230801|416000|Clients douteux|||VE082218|20230801|FACT CLIENT CLIENT ALPHA 213675|868,99|0,00|||20230801||
VE|Ventes|VE00105|20230801|409100|Fournisseurs - Avances et acomptes verses|||VE082218|20230801|FACT CLIENT CLIENT ALPHA 213675|0,00|868,99|||20230801||
VE|Ventes|VE00106|20230428|418100|Clients - Factures a etablir|||VE045311|20230428|FACT CLIENT CLIENT GAMMA 190699|312,65|0,00|||20230503||
VE|Ventes|VE00106|20230428|500000|Valeurs mobilieres de placement|||VE045311|20230428|FACT CLIENT CLIENT GAMMA 190699|0,00|312,65|||20230503||
VE|Ventes|VE00107|20230630|419100|Clients - Avances et acomptes recus|||VE066292|20230630|FACT CLIENT CLIENT ALPHA 492661|917,70|0,00|||20230630||
VE|Ventes|VE00107|20230630|616000|Primes d'assurance|||VE066292|20230630|FACT CLIENT CLIENT ALPHA 492661|0,00|917,70|||20230630||
VE|Ventes|VE00108|20231113|413000|Clients - Effets a recevoir|||VE115245|20231113|FACT CLIENT CLIENT GAMMA 11585|160,47|0,00|||20231118||
VE|Ventes|VE00108|20231113|203000|Frais de recherche et developpement|||VE115245|20231113|FACT CLIENT CLIENT GAMMA 11585|0,00|160,47|||20231118||
VE|Ventes|VE00109|20230421|418100|Clients - Factures a etablir|||VE047440|20230421|FACT CLIENT CLIENT EPSILON 59911|452,40|0,00|||20230423||
VE|Ventes|VE00109|20230421|751000|Redevances pour concessions, brevets, licences, etc.|||VE047440|20230421|FACT CLIENT CLIENT EPSILON 59911|0,00|452,40|||20230423||
VE|Ventes|VE00110|20230328|419100|Clients - Avances et acomptes recus|||VE038941|20230328|FACT CLIENT CLIENT BETA 582894|715,36|0,00|||20230328||
VE|Ventes|VE00110|20230328|765000|Escomptes obtenus|||VE038941|20230328|FACT CLIENT CLIENT BETA 582894|0,00|715,36|||20230328||
VE|Ventes|VE00111|20231220|707000|Ventes de marchandises|||VE128458|20231220|FACT CLIENT CLIENT GAMMA 614279|104,61|0,00|||20231226||
VE|Ventes|VE00111|20231220|530000|Caisse|||VE128458|20231220|FACT CLIENT CLIENT GAMMA 614279|0,00|104,61|||20231226||
VE|Ventes|VE00112|20230922|411000|Clients|C00010|CLIENT KAPPA|VE093106|20230922|FACT CLIENT CLIENT ALPHA 683569|166,30|0,00|||20230929||
VE|Ventes|VE00112|20230922|623100|Annonces et insertions|||VE093106|20230922|FACT CLIENT CLIENT ALPHA 683569|0,00|166,30|||20230929||
VE|Ventes|VE00113|20231120|706000|Prestations de services|||VE116726|20231120|FACT CLIENT CLIENT BETA 483014|1092,50|0,00|||20231126||
VE|Ventes|VE00113|20231120|695000|Impots sur les benefices|||VE116726|20231120|FACT CLIENT CLIENT BETA 483014|0,00|1092,50|||20231126||
VE|Ventes|VE00114|20231114|709000|Rabais, remises et ristournes accordes|||VE117724|20231114|FACT CLIENT CLIENT BETA 135731|800,28|0,00|||20231115||
VE|Ventes|VE00114|20231114|658000|Charges diverses de gestion courante|||VE117724|20231114|FACT CLIENT CLIENT BETA 135731|0,00|800,28|||20231115||
VE|Ventes|VE00115|20230829|411000|Clients|C00007|CLIENT ETA|VE087397|20230829|FACT CLIENT CLIENT ALPHA 213620|8968,34|0,00|||20230830||
VE|Ventes|VE00115|20230829|642000|Remunerations des dirigeants|||VE087397|20230829|FACT CLIENT CLIENT ALPHA 213620|0,00|8968,34|||20230830||
VE|Ventes|VE00116|20230210|419100|Clients - Avances et acomptes recus|||VE029198|20230210|FACT CLIENT CLIENT DELTA 406515|85,11|0,00|||20230214||
VE|Ventes|VE00116|20230210|207000|Fonds commercial|||VE029198|20230210|FACT CLIENT CLIENT DELTA 406515|0,00|85,11|||20230214||
VE|Ventes|VE00117|20230705|418100|Clients - Factures a etablir|||VE077603|20230705|FACT CLIENT CLIENT ALPHA 379549|49,68|0,00|||20230707||
VE|Ventes|VE00117|20230705|281820|Amort. materiel de transport|||VE077603|20230705|FACT CLIENT CLIENT ALPHA 379549|0,00|49,68|||20230707||
VE|Ventes|VE00118|20230131|707000|Ventes de marchandises|||VE013708|20230131|FACT CLIENT CLIENT DELTA 244950|1367,77|0,00|||20230131||
VE|Ventes|VE00118|20230131|437000|Autres organismes sociaux|||VE013708|20230131|FACT CLIENT CLIENT DELTA 244950|0,00|1367,77|||20230131||
VE|Ventes|VE00119|20230224|708500|Ports et frais accessoires factures|||VE029447|20230224|FACT CLIENT CLIENT ALPHA 650252|1904,56|0,00|||20230303||
VE|Ventes|VE00119|20230224|350000|Produits finis|||VE029447|20230224|FACT CLIENT CLIENT ALPHA 650252|0,00|1904,56|||20230303||
VE|Ventes|VE00120|20230804|419100|Clients - Avances et acomptes recus|||VE088508|20230804|FACT CLIENT CLIENT ALPHA 167253|476,38|0,00|||20230805||
VE|Ventes|VE00120|20230804|798000|Integration fiscale - Produits|||VE088508|20230804|FACT CLIENT CLIENT ALPHA 167253|0,00|476,38|||20230805||
VE|Ventes|VE00121|20230822|708500|Ports et frais accessoires factures|||VE083321|20230822|FACT CLIENT CLIENT ALPHA 325383|509,86|0,00|||20230827||
VE|Ventes|VE00121|20230822|468600|Charges a payer|||VE083321|20230822|FACT CLIENT CLIENT ALPHA 325383|0,00|509,86|||20230827||
VE|Ventes|VE00122|20230714|413000|Clients - Effets a recevoir|||VE074028|20230714|FACT CLIENT CLIENT EPSILON 828850|418,69|0,00|||20230717||
VE|Ventes|VE00122|20230714|675000|Valeurs comptables des elements d'actif cedes|||VE074028|20230714|FACT CLIENT CLIENT EPSILON 828850|0,00|418,69|||20230717||
VE|Ventes|VE00123|20231220|418100|Clients - Factures a etablir|||VE122226|20231220|FACT CLIENT CLIENT DELTA 99978|590,99|0,00|||20231223||
VE|Ventes|VE00123|20231220|764000|Revenus des valeurs mobilieres de placement|||VE122226|20231220|FACT CLIENT CLIENT DELTA 99978|0,00|590,99|||20231223||
VE|Ventes|VE00124|20230811|707000|Ventes de marchandises|||VE089230|20230811|FACT CLIENT CLIENT BETA 83396|597,62|0,00|||20230812||
VE|Ventes|VE00124|20230811|120000|Resultat de l'exercice|||VE089230|20230811|FACT CLIENT CLIENT BETA 83396|0,00|597,62|||20230812||
VE|Ventes|VE00125|20230908|709000|Rabais, remises et ristournes accordes|||VE093283|20230908|FACT CLIENT CLIENT BETA 402131|1461,29|0,00|||20230910||
VE|Ventes|VE00125|20230908|355000|Produits finis (groupe)|||VE093283|20230908|FACT CLIENT CLIENT BETA 402131|0,00|1461,29|||20230910||
VE|Ventes|VE00126|20230830|419100|Clients - Avances et acomptes recus|||VE089180|20230830|FACT CLIENT CLIENT GAMMA 614270|752,05|0,00|||20230906||
VE|Ventes|VE00126|20230830|445620|TVA deductible sur immobilisations|||VE089180|20230830|FACT CLIENT CLIENT GAMMA 614270|0,00|752,05|||20230906||
VE|Ventes|VE00127|20230718|411000|Clients|C00003|CLIENT GAMMA|VE077201|20230718|FACT CLIENT CLIENT ALPHA 8579|9722,75|0,00|||20230725||
VE|Ventes|VE00127|20230718|720000|Production immobilisee|||VE077201|20230718|FACT CLIENT CLIENT ALPHA 8579|0,00|9722,75|||20230725||
VE|Ventes|VE00128|20230627|416000|Clients douteux|||VE067109|20230627|FACT CLIENT CLIENT BETA 480774|826,70|0,00|||20230630||
VE|Ventes|VE00128|20230627|658000|Charges diverses de gestion courante|||VE067109|20230627|FACT CLIENT CLIENT BETA 480774|0,00|826,70|||20230630||
VE|Ventes|VE00129|20231027|413000|Clients - Effets a recevoir|||VE103595|20231027|FACT CLIENT CLIENT BETA 204368|70,63|0,00|||20231101||
VE|Ventes|VE00129|20231027|764000|Revenus des valeurs mobilieres de placement|||VE103595|20231027|FACT CLIENT CLIENT BETA 204368|0,00|70,63|||20231101||
VE|Ventes|VE00130|20230908|416000|Clients douteux|||VE092905|20230908|FACT CLIENT CLIENT DELTA 739606|624,43|0,00|||20230910||
VE|Ventes|VE00130|20230908|445670|TVA collectee|||VE092905|20230908|FACT CLIENT CLIENT DELTA 739606|0,00|624,43|||20230910||
VE|Ventes|VE00131|20231114|413000|Clients - Effets a recevoir|||VE115017|20231114|FACT CLIENT CLIENT BETA 953138|60,44|0,00|||20231120||
VE|Ventes|VE00131|20231114|486000|Charges constatees d'avance|||VE115017|20231114|FACT CLIENT CLIENT BETA 953138|0,00|60,44|||20231120||
VE|Ventes|VE00132|20230504|411000|Clients|C00010|CLIENT KAPPA|VE052240|20230504|FACT CLIENT CLIENT EPSILON 753974|7969,38|0,00|||20230510||
VE|Ventes|VE00132|20230504|213100|Constructions - Batiments|||VE052240|20230504|FACT CLIENT CLIENT EPSILON 753974|0,00|7969,38|||20230510||
VE|Ventes|VE00133|20230926|419100|Clients - Avances et acomptes recus|||VE091727|20230926|FACT CLIENT CLIENT ALPHA 471975|330,81|0,00|||20230928||
VE|Ventes|VE00133|20230926|281350|Amort. installations generales|||VE091727|20230926|FACT CLIENT CLIENT ALPHA 471975|0,00|330,81|||20230928||
VE|Ventes|VE00134|20230802|701000|Ventes de produits finis|||VE089847|20230802|FACT CLIENT CLIENT EPSILON 859053|1794,27|0,00|||20230803||
VE|Ventes|VE00134|20230802|708500|Ports et frais accessoires factures|||VE089847|20230802|FACT CLIENT CLIENT EPSILON 859053|0,00|1794,27|||20230803||
VE|Ventes|VE00135|20230525|413000|Clients - Effets a recevoir|||VE054512|20230525|FACT CLIENT CLIENT BETA 858911|950,06|0,00|||20230525||
VE|Ventes|VE00135|20230525|615600|Maintenance|||VE054512|20230525|FACT CLIENT CLIENT BETA 858911|0,00|950,06|||20230525||
VE|Ventes|VE00136|20230622|411000|Clients|C00004|CLIENT DELTA|VE068128|20230622|FACT CLIENT CLIENT ALPHA 358059|6555,49|0,00|||20230629||
VE|Ventes|VE00136|20230622|613200|Locations immobilieres|||VE068128|20230622|FACT CLIENT CLIENT ALPHA 358059|0,00|6555,49|||20230629||
VE|Ventes|VE00137|20230721|709000|Rabais, remises et ristournes accordes|||VE079877|20230721|FACT CLIENT CLIENT GAMMA 882057|658,00|0,00|||20230721||
VE|Ventes|VE00137|20230721|618500|Frais de colloques, seminaires, conferences|||VE079877|20230721|FACT CLIENT CLIENT GAMMA 882057|0,00|658,00|||20230721||
VE|Ventes|VE00138|20230110|707000|Ventes de marchandises|||VE012363|20230110|FACT CLIENT CLIENT ALPHA 145402|1671,19|0,00|||20230110||
VE|Ventes|VE00138|20230110|281350|Amort. installations generales|||VE012363|20230110|FACT CLIENT CLIENT ALPHA 145402|0,00|1671,19|||20230110||
VE|Ventes|VE00139|20230721|707000|Ventes de marchandises|||VE075578|20230721|FACT CLIENT CLIENT ALPHA 644375|1258,92|0,00|||20230721||
VE|Ventes|VE00139|20230721|623000|Publicite, publications, relations publiques|||VE075578|20230721|FACT CLIENT CLIENT ALPHA 644375|0,00|1258,92|||20230721||
VE|Ventes|VE00140|20230103|701000|Ventes de produits finis|||VE015903|20230103|FACT CLIENT CLIENT ALPHA 343513|260,66|0,00|||20230107||
VE|Ventes|VE00140|20230103|371000|Stock de marchandises|||VE015903|20230103|FACT CLIENT CLIENT ALPHA 343513|0,00|260,66|||20230107||
VE|Ventes|VE00141|20230329|416000|Clients douteux|||VE031374|20230329|FACT CLIENT CLIENT BETA 624424|293,76|0,00|||20230405||
VE|Ventes|VE00141|20230329|413000|Clients - Effets a recevoir|||VE031374|20230329|FACT CLIENT CLIENT BETA 624424|0,00|293,76|||20230405||
VE|Ventes|VE00142|20230623|411000|Clients|C00006|CLIENT ZETA|VE062784|20230623|FACT CLIENT CLIENT ALPHA 864854|9773,05|0,00|||20230624||
VE|Ventes|VE00142|20230623|797000|Transferts de charges exceptionnelles|||VE062784|20230623|FACT CLIENT CLIENT ALPHA 864854|0,00|9773,05|||20230624||
VE|Ventes|VE00143|20230408|418100|Clients - Factures a etablir|||VE045109|20230407|FACT CLIENT CLIENT GAMMA 896953|466,74|0,00|||20230412||
VE|Ventes|VE00143|20230407|403000|Fournisseurs - Effets a payer|||VE045109|20230407|FACT CLIENT CLIENT GAMMA 896953|0,00|466,74|||20230412||
VE|Ventes|VE00144|20231012|411000|Clients|C00008|CLIENT THETA|VE103888|20231012|FACT CLIENT CLIENT ALPHA 787852|1479,16|0,00|H5|20231226|20231018||
VE|Ventes|VE00144|20231012|517000|Autres organismes financiers|||VE103888|20231012|FACT CLIENT CLIENT ALPHA 787852|0,00|1479,16|||20231018||
VE|Ventes|VE00145|20230922|416000|Clients douteux|||VE095254|20230922|FACT CLIENT CLIENT EPSILON 930958|410,40|0,00|||20230926||
VE|Ventes|VE00145|20230922|751000|Redevances pour concessions, brevets, licences, etc.|||VE095254|20230922|FACT CLIENT CLIENT EPSILON 930958|0,00|410,40|||20230926||
VE|Ventes|VE00146|20230907|419100|Clients - Avances et acomptes recus|||VE099374|20230907|FACT CLIENT CLIENT DELTA 167135|923,90|0,00|||20230908||
VE|Ventes|VE00146|20230907|281820|Amort. materiel de transport|||VE099374|20230907|FACT CLIENT CLIENT DELTA 167135|0,00|923,90|||20230908||
VE|Ventes|VE00147|20231013|709000|Rabais, remises et ristournes accordes|||VE103253|20231013|FACT CLIENT CLIENT EPSILON 905211|884,66|0,00|||20231019||
VE|Ventes|VE00147|20231013|445510|TVA a decaisser|||VE103253|20231013|FACT CLIENT CLIENT EPSILON 905211|0,00|884,66|||20231019||
VE|Ventes|VE00148|20230724|419100|Clients - Avances et acomptes recus|||VE075484|20230724|FACT CLIENT CLIENT BETA 942915|563,33|0,00|||20230731||
VE|Ventes|VE00148|20230724|500000|Valeurs mobilieres de placement|||VE075484|20230724|FACT CLIENT CLIENT BETA 942915|0,00|563,33|||20230731||
VE|Ventes|VE00149|20231013|419100|Clients - Avances et acomptes recus|||VE106196|20231013|FACT CLIENT CLIENT BETA 933469|507,73|0,00|||20231013||
VE|Ventes|VE00149|20231013|281820|Amort. materiel de transport|||VE106196|20231013|FACT CLIENT CLIENT BETA 933469|0,00|507,73|||20231013||
VE|Ventes|VE00150|20230911|708500|Ports et frais accessoires factures|||VE096226|20230911|FACT CLIENT CLIENT BETA 159426|1444,48|0,00|||20230912||
VE|Ventes|VE00150|20230911|681110|Dot. amort. sur immo. incorporelles|||VE096226|20230911|FACT CLIENT CLIENT BETA 159426|0,00|1444,48|||20230912||
VE|Ventes|VE00151|20230722|416000|Clients douteux|||VE074527|20230721|FACT CLIENT CLIENT BETA 961255|191,42|0,00|||20230726||
VE|Ventes|VE00151|20230721|106100|Reserve legale|||VE074527|20230721|FACT CLIENT CLIENT BETA 961255|0,00|191,42|||20230726||
VE|Ventes|VE00152|20231201|706000|Prestations de services|||VE127202|20231201|FACT CLIENT CLIENT EPSILON 514359|1435,72|0,00|||20231205||
VE|Ventes|VE00152|20231201|512100|Banque secondaire|||VE127202|20231201|FACT CLIENT CLIENT EPSILON 514359|0,00|1435,72|||20231205||
VE|Ventes|VE00153|20230427|706000|Prestations de services|||VE049431|20230427|FACT CLIENT CLIENT ALPHA 730609|317,97|0,00|||20230430||
VE|Ventes|VE00153|20230427|371000|Stock de marchandises|||VE049431|20230427|FACT CLIENT CLIENT ALPHA 730609|0,00|317,97|||20230430||
VE|Ventes|VE00154|20230404|708500|Ports et frais accessoires factures|||VE042746|20230404|FACT CLIENT CLIENT ALPHA 720259|650,24|0,00|||20230410||
VE|Ventes|VE00154|20230404|207000|Fonds commercial|||VE042746|20230404|FACT CLIENT CLIENT ALPHA 720259|0,00|650,24|||20230410||
VE|Ventes|VE00155|20230123|411000|Clients|C00008|CLIENT THETA|VE012567|20230123|FACT CLIENT CLIENT EPSILON 362524|1524,53|0,00|J2|20231230|20230128||
VE|Ventes|VE00155|20230123|606100|Electricite, gaz, eau|||VE012567|20230123|FACT CLIENT CLIENT EPSILON 362524|0,00|1524,53|||20230128||
VE|Ventes|VE00156|20230421|413000|Clients - Effets a recevoir|||VE044529|20230421|FACT CLIENT CLIENT GAMMA 206111|720,60|0,00|||20230426||
VE|Ventes|VE00156|20230421|641000|Remunerations du personnel|||VE044529|20230421|FACT CLIENT CLIENT GAMMA 206111|0,00|720,60|||20230426||
VE|Ventes|VE00157|20230619|419100|Clients - Avances et acomptes recus|||VE062246|20230619|FACT CLIENT CLIENT GAMMA 348755|675,44|0,00|||20230620||
VE|Ventes|VE00157|20230619|797000|Transferts de charges exceptionnelles|||VE062246|20230619|FACT CLIENT CLIENT GAMMA 348755|0,00|675,44|||20230620||
VE|Ventes|VE00158|20231110|706000|Prestations de services|||VE118703|20231110|FACT CLIENT CLIENT EPSILON 574174|1875,45|0,00|||20231113||
VE|Ventes|VE00158|20231110|601000|Achats de matieres premieres|||VE118703|20231110|FACT CLIENT CLIENT EPSILON 574174|0,00|1875,45|||20231113||
VE|Ventes|VE00159|20231213|411000|Clients|C00008|CLIENT THETA|VE122436|20231213|FACT CLIENT CLIENT BETA 432235|3329,02|0,00|||20231214||
VE|Ventes|VE00159|20231213|791000|Transferts de charges d'exploitation|||VE122436|20231213|FACT CLIENT CLIENT BETA 432235|0,00|3329,02|||20231214||
VE|Ventes|VE00160|20230915|411000|Clients|C00005|CLIENT EPSILON|VE094426|20230915|FACT CLIENT CLIENT EPSILON 412689|1220,84|0,00|||20230917||
VE|Ventes|VE00160|20230915|131800|Autres subventions d'investissement|||VE094426|20230915|FACT CLIENT CLIENT EPSILON 412689|0,00|1220,84|||20230917||
VE|Ventes|VE00161|20230602|419100|Clients - Avances et acomptes recus|||VE066246|20230602|FACT CLIENT CLIENT GAMMA 474434|259,65|0,00|||20230608||
VE|Ventes|VE00161|20230602|445620|TVA deductible sur immobilisations|||VE066246|20230602|FACT CLIENT CLIENT GAMMA 474434|0,00|259,65|||20230608||
VE|Ventes|VE00162|20230411|706000|Prestations de services|||VE041668|20230411|FACT CLIENT CLIENT GAMMA 778078|459,26|0,00|||20230417||
VE|Ventes|VE00162|20230411|664000|Pertes sur cessions de valeurs mobilieres de placement|||VE041668|20230411|FACT CLIENT CLIENT GAMMA 778078|0,00|459,26|||20230417||
VE|Ventes|VE00163|20230808|413000|Clients - Effets a recevoir|||VE085080|20230808|FACT CLIENT CLIENT GAMMA 773469|89,79|0,00|||20230808||
VE|Ventes|VE00163|20230808|445520|TVA due intracommunautaire|||VE085080|20230808|FACT CLIENT CLIENT GAMMA 773469|0,00|89,79|||20230808||
VE|Ventes|VE00164|20230809|701000|Ventes de produits finis|||VE088382|20230809|FACT CLIENT CLIENT DELTA 647215|840,86|0,00|||20230810||
VE|Ventes|VE00164|20230809|614000|Charges locatives|||VE088382|20230809|FACT CLIENT CLIENT DELTA 647215|0,00|840,86|||20230810||
VE|Ventes|VE00165|20231024|419100|Clients - Avances et acomptes recus|||VE102545|20231024|FACT CLIENT CLIENT DELTA 11673|419,94|0,00|||20231024||
VE|Ventes|VE00165|20231024|612000|Redevances de credit-bail|||VE102545|20231024|FACT CLIENT CLIENT DELTA 11673|0,00|419,94|||20231024||
VE|Ventes|VE00166|20231207|701000|Ventes de produits finis|||VE123301|20231207|FACT CLIENT CLIENT BETA 597223|912,33|0,00|||20231214||
VE|Ventes|VE00166|20231207|621000|Personnel exterieur a l'entreprise|||VE123301|20231207|FACT CLIENT CLIENT BETA 597223|0,00|912,33|||20231214||
VE|Ventes|VE00167|20231030|411000|Clients|C00009|CLIENT IOTA|VE105177|20231030|FACT CLIENT CLIENT GAMMA 652093|5984,72|0,00|||20231105||
VE|Ventes|VE00167|20231030|508000|Interets courus sur VMP|||VE105177|20231030|FACT CLIENT CLIENT GAMMA 652093|0,00|5984,72|||20231105||
VE|Ventes|VE00168|20230314|706000|Prestations de services|||VE037593|20230314|FACT CLIENT CLIENT DELTA 763229|913,85|0,00|||20230315||
VE|Ventes|VE00168|20230314|777000|Quote-part des subventions d'investissement viree au resultat|||VE037593|20230314|FACT CLIENT CLIENT DELTA 763229|0,00|913,85|||20230315||
VE|Ventes|VE00169|20231016|413000|Clients - Effets a recevoir|||VE103890|20231016|FACT CLIENT CLIENT EPSILON 354005|515,76|0,00|||20231022||
VE|Ventes|VE00169|20231016|623100|Annonces et insertions|||VE103890|20231016|FACT CLIENT CLIENT EPSILON 354005|0,00|515,76|||20231022||
VE|Ventes|VE00170|20230621|418100|Clients - Factures a etablir|||VE068817|20230621|FACT CLIENT CLIENT DELTA 434927|978,86|0,00|||20230621||
VE|Ventes|VE00170|20230621|231000|Immobilisations corporelles en cours|||VE068817|20230621|FACT CLIENT CLIENT DELTA 434927|0,00|978,86|||20230621||
VE|Ventes|VE00171|20230519|416000|Clients douteux|||VE059053|20230519|FACT CLIENT CLIENT ALPHA 995020|761,33|0,00|||20230526||
VE|Ventes|VE00171|20230519|626000|Frais postaux et de telecommunications|||VE059053|20230519|FACT CLIENT CLIENT ALPHA 995020|0,00|761,33|||20230526||
VE|Ventes|VE00172|20230901|413000|Clients - Effets a recevoir|||VE097481|20230901|FACT CLIENT CLIENT BETA 323441|375,45|0,00|||20230902||
VE|Ventes|VE00172|20230901|371000|Stock de marchandises|||VE097481|20230901|FACT CLIENT CLIENT BETA 323441|0,00|375,45|||20230902||
VE|Ventes|VE00173|20230904|411000|Clients|C00010|CLIENT KAPPA|VE092465|20230904|FACT CLIENT CLIENT BETA 924062|1305,16|0,00|||20230904||
VE|Ventes|VE00173|20230904|401000|Fournisseurs|F00002|TELECOM SAS|VE092465|20230904|FACT CLIENT CLIENT BETA 924062|0,00|1305,16|||20230904||
VE|Ventes|VE00174|20231102|416000|Clients douteux|||VE119036|20231102|FACT CLIENT CLIENT BETA 525240|635,02|0,00|||20231109||
VE|Ventes|VE00174|20231102|698000|Integration fiscale - Charges|||VE119036|20231102|FACT CLIENT CLIENT BETA 525240|0,00|635,02|||20231109||
VE|Ventes|VE00175|20230710|413000|Clients - Effets a recevoir|||VE076383|20230710|FACT CLIENT CLIENT EPSILON 383655|954,81|0,00|||20230712||
VE|Ventes|VE00175|20230710|101000|Capital social|||VE076383|20230710|FACT CLIENT CLIENT EPSILON 383655|0,00|954,81|||20230712||
VE|Ventes|VE00176|20230209|411000|Clients|C00004|CLIENT DELTA|VE028575|20230209|FACT CLIENT CLIENT GAMMA 68132|3991,67|0,00|||20230211||
VE|Ventes|VE00176|20230209|444000|Etat - Impots sur les benefices|||VE028575|20230209|FACT CLIENT CLIENT GAMMA 68132|0,00|3991,67|||20230211||
VE|Ventes|VE00177|20230623|411000|Clients|C00008|CLIENT THETA|VE063232|20230623|FACT CLIENT CLIENT BETA 736102|9530,50|0,00|||20230629||
VE|Ventes|VE00177|20230624|709000|Rabais, remises et ristournes accordes|||VE063232|20230623|FACT CLIENT CLIENT BETA 736102|0,00|9530,50|||20230629||
VE|Ventes|VE00178|20230808|707000|Ventes de marchandises|||VE082507|20230808|FACT CLIENT CLIENT ALPHA 124054|963,03|0,00|||20230808||
VE|Ventes|VE00178|20230808|781500|Reprises sur provisions pour risques et charges d'exploitation|||VE082507|20230808|FACT CLIENT CLIENT ALPHA 124054|0,00|963,03|||20230808||
VE|Ventes|VE00179|20230427|709000|Rabais, remises et ristournes accordes|||VE043223|20230427|FACT CLIENT CLIENT BETA 402797|242,27|0,00|||20230502||
VE|Ventes|VE00179|20230427|218100|Installations generales, agencements divers|||VE043223|20230427|FACT CLIENT CLIENT BETA 402797|0,00|242,27|||20230502||
VE|Ventes|VE00180|20230722|411000|Clients|C00004|CLIENT DELTA|VE071633|20230718|FACT CLIENT CLIENT ALPHA 766811|7634,61|0,00|||20230720||
VE|Ventes|VE00180|20230718|611000|Sous-traitance generale|||VE071633|20230718|FACT CLIENT CLIENT ALPHA 766811|0,00|7634,61|||20230720||
VE|Ventes|VE00181|20230301|706000|Prestations de services|||VE039269|20230301|FACT CLIENT CLIENT GAMMA 16373|613,53|0,00|||20230308||
VE|Ventes|VE00181|20230301|613200|Locations immobilieres|||VE039269|20230301|FACT CLIENT CLIENT GAMMA 16373|0,00|613,53|||20230308||
VE|Ventes|VE00182|20231219|413000|Clients - Effets a recevoir|||VE126022|20231219|FACT CLIENT CLIENT ALPHA 754780|918,71|0,00|||20231220||
VE|Ventes|VE00182|20231219|468600|Charges a payer|||VE126022|20231219|FACT CLIENT CLIENT ALPHA 754780|0,00|918,71|||20231220||
VE|Ventes|VE00183|20230406|416000|Clients douteux|||VE048959|20230406|FACT CLIENT CLIENT ALPHA 991320|998,45|0,00|||20230409||
VE|Ventes|VE00183|20230406|623100|Annonces et insertions|||VE048959|20230406|FACT CLIENT CLIENT ALPHA 991320|0,00|998,45|||20230409||
VE|Ventes|VE00184|20230901|706000|Prestations de services|||VE092761|20230901|FACT CLIENT CLIENT GAMMA 907771|1776,81|0,00|||20230904||
VE|Ventes|VE00184|20230901|661000|Charges d'interets|||VE092761|20230901|FACT CLIENT CLIENT GAMMA 907771|0,00|1776,81|||20230904||
VE|Ventes|VE00185|20230825|413000|Clients - Effets a recevoir|||VE084248|20230825|FACT CLIENT CLIENT EPSILON 198415|126,67|0,00|||20230825||
VE|Ventes|VE00185|20230825|213500|Installations generales, agencements|||VE084248|20230825|FACT CLIENT CLIENT EPSILON 198415|0,00|126,67|||20230825||
VE|Ventes|VE00186|20230303|706000|Prestations de services|||VE033187|20230303|FACT CLIENT CLIENT EPSILON 643804|1938,85|0,00|||20230309||
VE|Ventes|VE00186|20230303|512000|Banque principale|||VE033187|20230303|FACT CLIENT CLIENT EPSILON 643804|0,00|1938,85|||20230309||
