JournalCode|JournalLib|EcritureNum|EcritureDate|CompteNum|CompteLib|CompAuxNum|CompAuxLib|PieceRef|PieceDate|EcritureLib|Debit|Credit|EcritureLet|DateLet|ValidDate|Montantdevise|Idevise
AC|Achats|AC00001|20230828|622600|Honoraires|||AC086159|20230828|FACT 250110 FOURNITURES BUREAU|434,79|0,00|||20230903||
AC|Achats|AC00001|20230828|467000|Autres comptes debiteurs ou crediteurs|||AC086159|20230828|FACT 250110 FOURNITURES BUREAU|0,00|434,79|||20230903||
AC|Achats|AC00002|20230912|611000|Sous-traitance generale|||AC097344|20230912|FACT 250214 PAPETERIE EXPRESS|227,80|0,00|||20230918||
AC|Achats|AC00002|20230912|438200|Charges sociales sur conges a payer|||AC097344|20230912|FACT 250214 PAPETERIE EXPRESS|0,00|227,80|||20230918||
AC|Achats|AC00003|20230302|602100|Achats de matieres consommables|||AC039777|20230302|FACT 250216 DALKIA FRANCE|1857,55|0,00|||20230307||
AC|Achats|AC00003|20230302|427000|Personnel - Oppositions|||AC039777|20230302|FACT 250216 DALKIA FRANCE|0,00|1857,55|||20230307||
AC|Achats|AC00004|20230606|623100|Annonces et insertions|||AC066182|20230606|FACT 250128 PAPETERIE EXPRESS|550,82|0,00|||20230606||
AC|Achats|AC00004|20230606|425000|Personnel - Avances et acomptes|||AC066182|20230606|FACT 250128 PAPETERIE EXPRESS|0,00|550,82|||20230606||
AC|Achats|AC00005|20230425|615500|Entretien et reparations sur biens mobiliers|||AC047599|20230425|FACT 250120 FOURNITURES BUREAU|628,72|0,00|||20230428||
AC|Achats|AC00005|20230429|409100|Fournisseurs - Avances et acomptes verses|||AC047599|20230425|FACT 250120 FOURNITURES BUREAU|0,00|628,72|||20230428||
AC|Achats|AC00006|20230705|611000|Sous-traitance generale|||AC074600|20230705|FACT 250204 ELECTRICITE DE FRANCE|1675,24|0,00|||20230708||
AC|Achats|AC00006|20230705|447100|Autres impots, taxes et versements assimiles|||AC074600|20230705|FACT 250204 ELECTRICITE DE FRANCE|0,00|1675,24|||20230708||
AC|Achats|AC00007|20231207|625700|Receptions|||AC122123|20231207|FACT 250203 TELECOM SAS|1522,96|0,00|||20231212||
AC|Achats|AC00007|20231207|419100|Clients - Avances et acomptes recus|||AC122123|20231207|FACT 250203 TELECOM SAS|0,00|1522,96|||20231212||
AC|Achats|AC00008|20231006|602100|Achats de matieres consommables|||AC109621|20231006|FACT 250223 ELECTRICITE DE FRANCE|1268,75|0,00|||20231007||
AC|Achats|AC00008|20231006|445520|TVA due intracommunautaire|||AC109621|20231006|FACT 250223 ELECTRICITE DE FRANCE|0,00|1268,75|||20231007||
AC|Achats|AC00009|20230804|628100|Concours divers (cotisations...)|||AC087413|20230804|FACT 250207 DALKIA FRANCE|1506,91|0,00|||20230810||
AC|Achats|AC00009|20230804|444000|Etat - Impots sur les benefices|||AC087413|20230804|FACT 250207 DALKIA FRANCE|0,00|1506,91|||20230810||
AC|Achats|AC00010|20230920|602100|Achats de matieres consommables|||AC093181|20230920|FACT 250127 TELECOM SAS|1913,37|0,00|||20230921||
AC|Achats|AC00010|20230920|455000|Associes - Comptes courants|||AC093181|20230920|FACT 250127 TELECOM SAS|0,00|1913,37|||20230921||
AC|Achats|AC00011|20230714|614000|Charges locatives|||AC072995|20230714|FACT 250120 ELECTRICITE DE FRANCE|1433,58|0,00|||20230720||
AC|Achats|AC00011|20230714|438200|Charges sociales sur conges a payer|||AC072995|20230714|FACT 250120 ELECTRICITE DE FRANCE|0,00|1433,58|||20230720||
AC|Achats|AC00012|20230914|622600|Honoraires|||AC096654|20230914|FACT 250115 FOURNITURES BUREAU|1510,51|0,00|||20230921||
AC|Achats|AC00012|20230914|445520|TVA due intracommunautaire|||AC096654|20230914|FACT 250115 FOURNITURES BUREAU|0,00|1510,51|||20230921||
AC|Achats|AC00013|20230120|614000|Charges locatives|||AC011879|20230120|FACT 250116 ELECTRICITE DE FRANCE|227,06|0,00|||20230126||
AC|Achats|AC00013|20230120|451000|Groupe|||AC011879|20230120|FACT 250116 ELECTRICITE DE FRANCE|0,00|227,06|||20230126||
AC|Achats|AC00014|20231228|623100|Annonces et insertions|||AC125429|20231228|FACT 250111 ELECTRICITE DE FRANCE|37,57|0,00|||20231228||
AC|Achats|AC00014|20231228|431000|Securite sociale|||AC125429|20231228|FACT 250111 ELECTRICITE DE FRANCE|0,00|37,57|||20231228||
AC|Achats|AC00015|20230515|608500|Frais accessoires d'achat|||AC053877|20230515|FACT 250131 ELECTRICITE DE FRANCE|869,65|0,00|||20230516||
AC|Achats|AC00015|20230515|427000|Personnel - Oppositions|||AC053877|20230515|FACT 250131 ELECTRICITE DE FRANCE|0,00|869,65|||20230516||
AC|Achats|AC00016|20231012|618100|Documentation generale|||AC104583|20231012|FACT 250208 FOURNITURES BUREAU|1837,39|0,00|||20231017||
AC|Achats|AC00016|20231014|445520|TVA due intracommunautaire|||AC104583|20231012|FACT 250208 FOURNITURES BUREAU|0,00|1837,39|||20231017||
AC|Achats|AC00017|20230126|622700|Frais d'actes et de contentieux|||AC014679|20230126|FACT 250106 ELECTRICITE DE FRANCE|794,83|0,00|||20230126||
AC|Achats|AC00017|20230126|444000|Etat - Impots sur les benefices|||AC014679|20230126|FACT 250106 ELECTRICITE DE FRANCE|0,00|794,83|||20230126||
AC|Achats|AC00018|20231129|623000|Publicite, publications, relations publiques|||AC119812|20231129|FACT 250206 PAPETERIE EXPRESS|495,99|0,00|||20231202||
AC|Achats|AC00018|20231129|590000|Depreciation des valeurs mobilieres de placement|||AC119812|20231129|FACT 250206 PAPETERIE EXPRESS|0,00|495,99|||20231202||
AC|Achats|AC00019|20230209|627000|Services bancaires et assimiles|||AC028153|20230209|FACT 250226 PAPETERIE EXPRESS|1997,59|0,00|||20230214||
AC|Achats|AC00019|20230209|408100|Fournisseurs - Factures non parvenues|||AC028153|20230209|FACT 250226 PAPETERIE EXPRESS|0,00|1997,59|||20230214||
AC|Achats|AC00020|20230714|607000|Achats de marchandises|||AC079589|20230714|FACT 250102 FOURNITURES BUREAU|1313,94|0,00|||20230720||
AC|Achats|AC00020|20230714|427000|Personnel - Oppositions|||AC079589|20230714|FACT 250102 FOURNITURES BUREAU|0,00|1313,94|||20230720||
AC|Achats|AC00021|20231026|623400|Cadeaux a la clientele|||AC109347|20231026|FACT 250206 TELECOM SAS|909,01|0,00|||20231028||
AC|Achats|AC00021|20231026|468600|Charges a payer|||AC109347|20231026|FACT 250206 TELECOM SAS|0,00|909,01|||20231028||
AC|Achats|AC00022|20231005|614000|Charges locatives|||AC109161|20231005|FACT 250125 DALKIA FRANCE|431,15|0,00|||20231009||
AC|Achats|AC00022|20231005|500000|Valeurs mobilieres de placement|||AC109161|20231005|FACT 250125 DALKIA FRANCE|0,00|431,15|||20231009||
AC|Achats|AC00023|20231117|623000|Publicite, publications, relations publiques|||AC113807|20231117|FACT 250215 ELECTRICITE DE FRANCE|401,26|0,00|||20231119||
AC|Achats|AC00023|20231117|418100|Clients - Factures a etablir|||AC113807|20231117|FACT 250215 ELECTRICITE DE FRANCE|0,00|401,26|||20231119||
AC|Achats|AC00024|20230201|613500|Locations mobilieres|||AC029001|20230201|FACT 250218 TELECOM SAS|99,41|0,00|||20230208||
AC|Achats|AC00024|20230201|514000|Cheques postaux|||AC029001|20230201|FACT 250218 TELECOM SAS|0,00|99,41|||20230208||
AC|Achats|AC00025|20231227|606800|Autres matieres et fournitures|||AC127239|20231227|FACT 250218 DALKIA FRANCE|1808,61|0,00|||20231229||
AC|Achats|AC00025|20231227|411000|Clients|C00001|CLIENT ALPHA|AC127239|20231227|FACT 250218 DALKIA FRANCE|0,00|1808,61|||20231229||
AC|Achats|AC00026|20230412|625100|Voyages et deplacements|||AC047894|20230412|FACT 250215 FOURNITURES BUREAU|117,87|0,00|||20230416||
AC|Achats|AC00026|20230412|416000|Clients douteux|||AC047894|20230412|FACT 250215 FOURNITURES BUREAU|0,00|117,87|||20230416||
AC|Achats|AC00027|20230710|622600|Honoraires|||AC075761|20230710|FACT 250201 PAPETERIE EXPRESS|697,45|0,00|||20230712||
AC|Achats|AC00027|20230710|447100|Autres impots, taxes et versements assimiles|||AC075761|20230710|FACT 250201 PAPETERIE EXPRESS|0,00|697,45|||20230712||
AC|Achats|AC00028|20231019|627000|Services bancaires et assimiles|||AC101127|20231019|FACT 250215 ELECTRICITE DE FRANCE|108,00|0,00|||20231020||
AC|Achats|AC00028|20231019|441000|Etat - Impot sur les benefices|||AC101127|20231019|FACT 250215 ELECTRICITE DE FRANCE|0,00|108,00|||20231020||
AC|Achats|AC00029|20230114|608500|Frais accessoires d'achat|||AC012349|20230113|FACT 250117 PAPETERIE EXPRESS|978,24|0,00|||20230116||
AC|Achats|AC00029|20230113|590000|Depreciation des valeurs mobilieres de placement|||AC012349|20230113|FACT 250117 PAPETERIE EXPRESS|0,00|978,24|||20230116||
AC|Achats|AC00030|20230727|622600|Honoraires|||AC077950|20230727|FACT 250116 FOURNITURES BUREAU|530,60|0,00|||20230803||
AC|Achats|AC00030|20230727|413000|Clients - Effets a recevoir|||AC077950|20230727|FACT 250116 FOURNITURES BUREAU|0,00|530,60|||20230803||
AC|Achats|AC00031|20230908|615600|Maintenance|||AC098229|20230908|FACT 250113 PAPETERIE EXPRESS|674,24|0,00|||20230910||
AC|Achats|AC00031|20230908|401000|Fournisseurs|F00001|DALKIA FRANCE|AC098229|20230908|FACT 250113 PAPETERIE EXPRESS|0,00|674,24|||20230910||
AC|Achats|AC00032|20231021|623400|Cadeaux a la clientele|||AC105904|20231020|FACT 250210 ELECTRICITE DE FRANCE|1440,12|0,00|||20231023||
AC|Achats|AC00032|20231020|447100|Autres impots, taxes et versements assimiles|||AC105904|20231020|FACT 250210 ELECTRICITE DE FRANCE|0,00|1440,12|||20231023||
AC|Achats|AC00033|20230901|623100|Annonces et insertions|||AC099819|20230901|FACT 250212 ELECTRICITE DE FRANCE|1166,72|0,00|||20230907||
AC|Achats|AC00033|20230901|471000|Compte d'attente|||AC099819|20230901|FACT 250212 ELECTRICITE DE FRANCE|0,00|1166,72|||20230907||
AC|Achats|AC00034|20230309|612000|Redevances de credit-bail|||AC039913|20230309|FACT 250207 FOURNITURES BUREAU|33,03|0,00|||20230309||
AC|Achats|AC00034|20230309|401000|Fournisseurs|F00005|BUREAU VERITAS|AC039913|20230309|FACT 250207 FOURNITURES BUREAU|0,00|33,03|S3|20231207|20230309||
AC|Achats|AC00035|20230804|612000|Redevances de credit-bail|||AC084874|20230804|FACT 250221 PAPETERIE EXPRESS|506,77|0,00|||20230804||
AC|Achats|AC00035|20230804|471000|Compte d'attente|||AC084874|20230804|FACT 250221 PAPETERIE EXPRESS|0,00|506,77|||20230804||
AC|Achats|AC00036|20230317|626000|Frais postaux et de telecommunications|||AC032219|20230317|FACT 250217 FOURNITURES BUREAU|20,22|0,00|||20230323||
AC|Achats|AC00036|20230317|447100|Autres impots, taxes et versements assimiles|||AC032219|20230317|FACT 250217 FOURNITURES BUREAU|0,00|20,22|||20230323||
AC|Achats|AC00037|20221230|401000|Fournisseurs|F00007|ASSURANCE GENERALI|AC123746|20221230|FACT 250113 DALKIA FRANCE|7132,98|0,00|D7|20231205|20221231||
AC|Achats|AC00037|20221230|518100|Interets courus a payer|||AC123746|20221230|FACT 250113 DALKIA FRANCE|0,00|7132,98|||20221231||
AC|Achats|AC00038|20230720|601000|Achats de matieres premieres|||AC075088|20230720|FACT 250130 PAPETERIE EXPRESS|1476,57|0,00|||20230727||
AC|Achats|AC00038|20230720|404000|Fournisseurs d'immobilisations|||AC075088|20230720|FACT 250130 PAPETERIE EXPRESS|0,00|1476,57|||20230727||
AC|Achats|AC00039|20230210|625600|Missions|||AC021512|20230210|FACT 250125 ELECTRICITE DE FRANCE|607,62|0,00|||20230216||
AC|Achats|AC00039|20230210|408100|Fournisseurs - Factures non parvenues|||AC021512|20230210|FACT 250125 ELECTRICITE DE FRANCE|0,00|607,62|||20230216||
AC|Achats|AC00040|20230710|615600|Maintenance|||AC077322|20230710|FACT 250131 PAPETERIE EXPRESS|785,92|0,00|||20230713||
AC|Achats|AC00040|20230710|445870|TVA sur factures a etablir|||AC077322|20230710|FACT 250131 PAPETERIE EXPRESS|0,00|785,92|||20230713||
AC|Achats|AC00041|20231115|614000|Charges locatives|||AC111335|20231115|FACT 250202 FOURNITURES BUREAU|483,17|0,00|||20231120||
AC|Achats|AC00041|20231115|471000|Compte d'attente|||AC111335|20231115|FACT 250202 FOURNITURES BUREAU|0,00|483,17|||20231120||
AC|Achats|AC00042|20230615|602200|Achats de fournitures consommables|||AC064346|20230615|FACT 250213 FOURNITURES BUREAU|347,65|0,00|||20230620||
AC|Achats|AC00042|20230615|428200|Personnel - Conges payes|||AC064346|20230615|FACT 250213 FOURNITURES BUREAU|0,00|347,65|||20230620||
AC|Achats|AC00043|20230612|614000|Charges locatives|||AC062755|20230612|FACT 250219 TELECOM SAS|338,53|0,00|||20230616||
AC|Achats|AC00043|20230612|421000|Personnel - Remunerations dues|||AC062755|20230612|FACT 250219 TELECOM SAS|0,00|338,53|||20230616||
AC|Achats|AC00044|20231108|625700|Receptions|||AC114033|20231108|FACT 250209 PAPETERIE EXPRESS|1270,17|0,00|||20231114||
AC|Achats|AC00044|20231108|408400|Fournisseurs d'immobilisations - Factures non parvenues|||AC114033|20231108|FACT 250209 PAPETERIE EXPRESS|0,00|1270,17|||20231114||
AC|Achats|AC00045|20221231|622700|Frais d'actes et de contentieux|||AC122939|20221230|FACT 250119 DALKIA FRANCE|1713,92|0,00|||20221230||
AC|Achats|AC00045|20221230|580000|Virements internes|||AC122939|20221230|FACT 250119 DALKIA FRANCE|0,00|1713,92|||20221230||
AC|Achats|AC00046|20231207|615200|Entretien et reparations sur biens immobiliers|||AC122127|20231207|FACT 250103 PAPETERIE EXPRESS|13,81|0,00|||20231213||
AC|Achats|AC00046|20231207|445620|TVA deductible sur immobilisations|||AC122127|20231207|FACT 250103 PAPETERIE EXPRESS|0,00|13,81|||20231213||
AC|Achats|AC00047|20230825|613200|Locations immobilieres|||AC088765|20230825|FACT 250115 PAPETERIE EXPRESS|1546,69|0,00|||20230829||
AC|Achats|AC00047|20230825|491000|Depreciation des comptes clients|||AC088765|20230825|FACT 250115 PAPETERIE EXPRESS|0,00|1546,69|||20230829||
AC|Achats|AC00048|20230705|614000|Charges locatives|||AC072367|20230705|FACT 250114 FOURNITURES BUREAU|739,70|0,00|||20230710||
AC|Achats|AC00048|20230705|445710|TVA collectee a payer|||AC072367|20230705|FACT 250114 FOURNITURES BUREAU|0,00|739,70|||20230710||
AC|Achats|AC00049|20230613|625100|Voyages et deplacements|||AC067347|20230613|FACT 250218 DALKIA FRANCE|995,60|0,00|||20230619||
AC|Achats|AC00049|20230613|487000|Produits constates d'avance|||AC067347|20230613|FACT 250218 DALKIA FRANCE|0,00|995,60|||20230619||
AC|Achats|AC00050|20231201|611000|Sous-traitance generale|||VE074931|20231201|FACT 250131 PAPETERIE EXPRESS|96,86|0,00|||20231207||
AC|Achats|AC00050|20231201|512100|Banque secondaire|||AC126365|20231201|FACT 250131 PAPETERIE EXPRESS|0,00|96,86|||20231207||
AC|Achats|AC00051|20230223|615600|Maintenance|||AC024419|20230223|FACT 250111 DALKIA FRANCE|1122,11|0,00|||20230226||
AC|Achats|AC00051|20230223|445660|TVA deductible sur ABS|||AC024419|20230223|FACT 250111 DALKIA FRANCE|0,00|1122,11|||20230226||
AC|Achats|AC00052|20230503|625600|Missions|||AC054139|20230503|FACT 250119 DALKIA FRANCE|782,30|0,00|||20230504||
AC|Achats|AC00052|20230503|408400|Fournisseurs d'immobilisations - Factures non parvenues|||AC054139|20230503|FACT 250119 DALKIA FRANCE|0,00|782,30|||20230504||
AC|Achats|AC00053|20230822|618100|Documentation generale|||AC081269|20230822|FACT 250121 TELECOM SAS|1748,66|0,00|||20230822||
AC|Achats|AC00053|20230822|413000|Clients - Effets a recevoir|||AC081269|20230822|FACT 250121 TELECOM SAS|0,00|1748,66|||20230822||
AC|Achats|AC00054|20231006|628100|Concours divers (cotisations...)|||AC105004|20231006|FACT 250119 DALKIA FRANCE|1786,38|0,00|||20231010||
AC|Achats|AC00054|20231006|445520|TVA due intracommunautaire|||AC105004|20231006|FACT 250119 DALKIA FRANCE|0,00|1786,38|||20231010||
AC|Achats|AC00055|20231006|606100|Electricite, gaz, eau|||AC103919|20231006|FACT 250110 DALKIA FRANCE|1205,72|0,00|||20231013||
AC|Achats|AC00055|20231006|512000|Banque principale|||AC103919|20231006|FACT 250110 DALKIA FRANCE|0,00|1205,72|||20231013||
AC|Achats|AC00056|20230912|622600|Honoraires|||AC097282|20230912|FACT 250203 DALKIA FRANCE|16,20|0,00|||20230912||
AC|Achats|AC00056|20230912|512000|Banque principale|||AC097282|20230912|FACT 250203 DALKIA FRANCE|0,00|16,20|||20230912||
AC|Achats|AC00057|20231010|628100|Concours divers (cotisations...)|||AC108592|20231010|FACT 250203 TELECOM SAS|393,63|0,00|||20231012||
AC|Achats|AC00057|20231010|411000|Clients|C00004|CLIENT DELTA|AC108592|20231010|FACT 250203 TELECOM SAS|0,00|393,63|O2|20231224|20231012||
AC|Achats|AC00058|20230317|606100|Electricite, gaz, eau|||AC037405|20230317|FACT 250218 FOURNITURES BUREAU|1618,87|0,00|||20230319||
AC|Achats|AC00058|20230317|491000|Depreciation des comptes clients|||AC037405|20230317|FACT 250218 FOURNITURES BUREAU|0,00|1618,87|||20230319||
AC|Achats|AC00059|20230921|623100|Annonces et insertions|||AC093057|20230921|FACT 250105 PAPETERIE EXPRESS|250,83|0,00|||20230925||
AC|Achats|AC00059|20230921|512100|Banque secondaire|||AC093057|20230921|FACT 250105 PAPETERIE EXPRESS|0,00|250,83|||20230925||
AC|Achats|AC00060|20230816|618100|Documentation generale|||AC084656|20230816|FACT 250211 TELECOM SAS|1487,56|0,00|||20230823||
AC|Achats|AC00060|20230816|445520|TVA due intracommunautaire|||AC084656|20230816|FACT 250211 TELECOM SAS|0,00|1487,56|||20230823||
AC|Achats|AC00061|20230418|618100|Documentation generale|||AC047970|20230418|FACT 250124 TELECOM SAS|1441,15|0,00|||20230418||
AC|Achats|AC00061|20230418|445670|TVA collectee|||AC047970|20230418|FACT 250124 TELECOM SAS|0,00|1441,15|||20230418||
AC|Achats|AC00062|20231201|602200|Achats de fournitures consommables|||AC125036|20231201|FACT 250211 DALKIA FRANCE|1263,81|0,00|||20231208||
AC|Achats|AC00062|20231201|471000|Compte d'attente|||AC125036|20231201|FACT 250211 DALKIA FRANCE|0,00|1263,81|||20231208||
AC|Achats|AC00063|20230602|613500|Locations mobilieres|||AC066328|20230602|FACT 250221 PAPETERIE EXPRESS|1649,86|0,00|||20230609||
AC|Achats|AC00063|20230602|500000|Valeurs mobilieres de placement|||AC066328|20230602|FACT 250221 PAPETERIE EXPRESS|0,00|1649,86|||20230609||
AC|Achats|AC00064|20230310|606400|Fournitures administratives|||AC031673|20230310|FACT 250212 TELECOM SAS|409,53|0,00|||20230312||
AC|Achats|AC00064|20230310|514000|Cheques postaux|||AC031673|20230310|FACT 250212 TELECOM SAS|0,00|409,53|||20230312||
AC|Achats|AC00065|20231115|622600|Honoraires|||AC114153|20231115|FACT 250111 FOURNITURES BUREAU|651,32|0,00|||20231118||
AC|Achats|AC00065|20231115|445710|TVA collectee a payer|||AC114153|20231115|FACT 250111 FOURNITURES BUREAU|0,00|651,32|||20231118||
AC|Achats|AC00066|20230906|628100|Concours divers (cotisations...)|||AC093977|20230906|FACT 250222 PAPETERIE EXPRESS|1047,80|0,00|||20230908||
AC|Achats|AC00066|20230906|580000|Virements internes|||AC093977|20230906|FACT 250222 PAPETERIE EXPRESS|0,00|1047,80|||20230908||
AC|Achats|AC00067|20230406|628100|Concours divers (cotisations...)|||AC042429|20230406|FACT 250116 DALKIA FRANCE|171,84|0,00|||20230410||
AC|Achats|AC00067|20230406|580000|Virements internes|||AC042429|20230406|FACT 250116 DALKIA FRANCE|0,00|171,84|||20230410||
AC|Achats|AC00068|20231110|625100|Voyages et deplacements|||AC113444|20231110|FACT 250111 ELECTRICITE DE FRANCE|657,63|0,00|||20231115||
AC|Achats|AC00068|20231110|491000|Depreciation des comptes clients|||AC113444|20231110|FACT 250111 ELECTRICITE DE FRANCE|0,00|657,63|||20231115||
AC|Achats|AC00069|20230801|627000|Services bancaires et assimiles|||AC087273|20230801|FACT 250115 PAPETERIE EXPRESS|193,27|0,00|||20230801||
AC|Achats|AC00069|20230801|451000|Groupe|||AC087273|20230801|FACT 250115 PAPETERIE EXPRESS|0,00|193,27|||20230801||
AC|Achats|AC00070|20231012|625600|Missions|||AC107746|20231012|FACT 250215 PAPETERIE EXPRESS|988,68|0,00|||20231016||
AC|Achats|AC00070|20231012|445870|TVA sur factures a etablir|||AC107746|20231012|FACT 250215 PAPETERIE EXPRESS|0,00|988,68|||20231016||
AC|Achats|AC00071|20230526|618500|Frais de colloques, seminaires, conferences|||AC057028|20230526|FACT 250214 ELECTRICITE DE FRANCE|522,24|0,00|||20230531||
AC|Achats|AC00071|20230526|514000|Cheques postaux|||AC057028|20230526|FACT 250214 ELECTRICITE DE FRANCE|0,00|522,24|||20230531||
AC|Achats|AC00072|20231206|601000|Achats de matieres premieres|||AC121184|20231206|FACT 250112 ELECTRICITE DE FRANCE|1780,75|0,00|||20231206||
AC|Achats|AC00072|20231209|404000|Fournisseurs d'immobilisations|||AC121184|20231206|FACT 250112 ELECTRICITE DE FRANCE|0,00|1780,75|||20231206||
AC|Achats|AC00073|20230726|606100|Electricite, gaz, eau|||AC076575|20230726|FACT 250120 ELECTRICITE DE FRANCE|1962,92|0,00|||20230729||
AC|Achats|AC00073|20230726|447100|Autres impots, taxes et versements assimiles|||AC076575|20230726|FACT 250120 ELECTRICITE DE FRANCE|0,00|1962,92|||20230729||
AC|Achats|AC00074|20230908|625700|Receptions|||AC094869|20230908|FACT 250202 PAPETERIE EXPRESS|719,20|0,00|||20230909||
AC|Achats|AC00074|20230908|445870|TVA sur factures a etablir|||AC094869|20230908|FACT 250202 PAPETERIE EXPRESS|0,00|719,20|||20230909||
AC|Achats|AC00075|20230217|621000|Personnel exterieur a l'entreprise|||AC028083|20230217|FACT 250125 ELECTRICITE DE FRANCE|1044,74|0,00|||20230224||
AC|Achats|AC00075|20230217|467000|Autres comptes debiteurs ou crediteurs|||AC028083|20230217|FACT 250125 ELECTRICITE DE FRANCE|0,00|1044,74|||20230224||
AC|Achats|AC00076|20231026|606800|Autres matieres et fournitures|||AC103581|20231026|FACT 250128 FOURNITURES BUREAU|1323,30|0,00|||20231030||
AC|Achats|AC00076|20231026|413000|Clients - Effets a recevoir|||AC103581|20231026|FACT 250128 FOURNITURES BUREAU|0,00|1323,30|||20231030||
AC|Achats|AC00077|20230512|608500|Frais accessoires d'achat|||AC051553|20230512|FACT 250122 ELECTRICITE DE FRANCE|340,80|0,00|||20230513||
AC|Achats|AC00077|20230512|512100|Banque secondaire|||AC051553|20230512|FACT 250122 ELECTRICITE DE FRANCE|0,00|340,80|||20230513||
AC|Achats|AC00078|20230110|618500|Frais de colloques, seminaires, conferences|||AC012891|20230110|FACT 250104 PAPETERIE EXPRESS|680,03|0,00|||20230113||
AC|Achats|AC00078|20230110|425000|Personnel - Avances et acomptes|||AC012891|20230110|FACT 250104 PAPETERIE EXPRESS|0,00|680,03|||20230113||
AC|Achats|AC00079|20230726|626000|Frais postaux et de telecommunications|||AC072169|20230726|FACT 250131 ELECTRICITE DE FRANCE|999,13|0,00|||20230727||
AC|Achats|AC00079|20230726|418100|Clients - Factures a etablir|||AC072169|20230726|FACT 250131 ELECTRICITE DE FRANCE|0,00|999,13|||20230727||
AC|Achats|AC00080|20230623|612000|Redevances de credit-bail|||AC068993|20230623|FACT 250204 TELECOM SAS|1882,31|0,00|||20230625||
AC|Achats|AC00080|20230623|580000|Virements internes|||AC068993|20230623|FACT 250204 TELECOM SAS|0,00|1882,31|||20230625||
AC|Achats|AC00081|20230911|613200|Locations immobilieres|||AC091901|20230911|FACT 250123 DALKIA FRANCE|626,66|0,00|||20230912||
AC|Achats|AC00081|20230911|441000|Etat - Impot sur les benefices|||AC091901|20230911|FACT 250123 DALKIA FRANCE|0,00|626,66|||20230912||
AC|Achats|AC00082|20231121|621000|Personnel exterieur a l'entreprise|||AC115615|20231121|FACT 250103 TELECOM SAS|1544,25|0,00|||20231124||
AC|Achats|AC00082|20231121|445520|TVA due intracommunautaire|||AC115615|20231121|FACT 250103 TELECOM SAS|0,00|1544,25|||20231124||
AC|Achats|AC00083|20230712|625700|Receptions|||AC074701|20230712|FACT 250108 FOURNITURES BUREAU|1375,74|0,00|||20230713||
AC|Achats|AC00083|20230712|590000|Depreciation des valeurs mobilieres de placement|||AC074701|20230712|FACT 250108 FOURNITURES BUREAU|0,00|1375,74|||20230713||
AC|Achats|AC00084|20230627|618500|Frais de colloques, seminaires, conferences|||AC062618|20230627|FACT 250116 DALKIA FRANCE|1223,09|0,00|||20230701||
AC|Achats|AC00084|20230627|444000|Etat - Impots sur les benefices|||AC062618|20230627|FACT 250116 DALKIA FRANCE|0,00|1223,09|||20230701||
AC|Achats|AC00085|20230901|612000|Redevances de credit-bail|||AC094680|20230901|FACT 250127 PAPETERIE EXPRESS|980,28|0,00|||20230902||
AC|Achats|AC00085|20230901|500000|Valeurs mobilieres de placement|||AC094680|20230901|FACT 250127 PAPETERIE EXPRESS|0,00|980,28|||20230902||
AC|Achats|AC00086|20230828|606800|Autres matieres et fournitures|||AC081558|20230828|FACT 250125 TELECOM SAS|121,47|0,00|||20230828||
AC|Achats|AC00086|20230828|408100|Fournisseurs - Factures non parvenues|||AC081558|20230828|FACT 250125 TELECOM SAS|0,00|121,47|||20230828||
AC|Achats|AC00087|20230710|607000|Achats de marchandises|||AC073362|20230710|FACT 250123 PAPETERIE EXPRESS|1645,93|0,00|||20230711||
AC|Achats|AC00087|20230710|445620|TVA deductible sur immobilisations|||AC073362|20230710|FACT 250123 PAPETERIE EXPRESS|0,00|1645,93|||20230711||
AC|Achats|AC00088|20230616|618500|Frais de colloques, seminaires, conferences|||AC063806|20230616|FACT 250216 TELECOM SAS|1030,71|0,00|||20230620||
AC|Achats|AC00088|20230616|425000|Personnel - Avances et acomptes|||AC063806|20230616|FACT 250216 TELECOM SAS|0,00|1030,71|||20230620||
AC|Achats|AC00089|20230213|614000|Charges locatives|||AC025027|20230213|FACT 250107 FOURNITURES BUREAU|204,19|0,00|||20230213||
AC|Achats|AC00089|20230213|511000|Valeurs a l'encaissement|||AC025027|20230213|FACT 250107 FOURNITURES BUREAU|0,00|204,19|||20230213||
AC|Achats|AC00090|20231101|625600|Missions|||AC115052|20231101|FACT 250103 DALKIA FRANCE|1664,27|0,00|||20231108||
AC|Achats|AC00090|20231101|445860|TVA sur factures non parvenues|||AC115052|20231101|FACT 250103 DALKIA FRANCE|0,00|1664,27|||20231108||
AC|Achats|AC00091|20230428|625600|Missions|||AC042200|20230428|FACT 250115 PAPETERIE EXPRESS|1917,57|0,00|||20230429||
AC|Achats|AC00091|20230428|428200|Personnel - Conges payes|||AC042200|20230428|FACT 250115 PAPETERIE EXPRESS|0,00|1917,57|||20230429||
AC|Achats|AC00092|20231019|626000|Frais postaux et de telecommunications|||AC107746|20231019|FACT 250128 ELECTRICITE DE FRANCE|87,24|0,00|||20231019||
AC|Achats|AC00092|20231019|590000|Depreciation des valeurs mobilieres de placement|||AC107746|20231019|FACT 250128 ELECTRICITE DE FRANCE|0,00|87,24|||20231019||
AC|Achats|AC00093|20230112|602100|Achats de matieres consommables|||AC014618|20230112|FACT 250125 PAPETERIE EXPRESS|1482,23|0,00|||20230116||
AC|Achats|AC00093|20230112|447100|Autres impots, taxes et versements assimiles|||AC014618|20230112|FACT 250125 PAPETERIE EXPRESS|0,00|1482,23|||20230116||
AC|Achats|AC00094|20230420|613500|Locations mobilieres|||AC041811|20230420|FACT 250109 TELECOM SAS|222,00|0,00|||20230424||
AC|Achats|AC00094|20230420|444000|Etat - Impots sur les benefices|||AC041811|20230420|FACT 250109 TELECOM SAS|0,00|222,00|||20230424||
AC|Achats|AC00095|20230410|628100|Concours divers (cotisations...)|||AC045615|20230410|FACT 250211 DALKIA FRANCE|1504,77|0,00|||20230411||
AC|Achats|AC00095|20230410|467000|Autres comptes debiteurs ou crediteurs|||AC045615|20230410|FACT 250211 DALKIA FRANCE|0,00|1504,77|||20230411||
AC|Achats|AC00096|20230125|622700|Frais d'actes et de contentieux|||AC018649|20230125|FACT 250201 PAPETERIE EXPRESS|359,20|0,00|||20230128||
AC|Achats|AC00096|20230125|408400|Fournisseurs d'immobilisations - Factures non parvenues|||AC018649|20230125|FACT 250201 PAPETERIE EXPRESS|0,00|359,20|||20230128||
AC|Achats|AC00097|20230203|613500|Locations mobilieres|||AC022938|20230203|FACT 250127 PAPETERIE EXPRESS|56,58|0,00|||20230208||
AC|Achats|AC00097|20230203|437000|Autres organismes sociaux|||AC022938|20230203|FACT 250127 PAPETERIE EXPRESS|0,00|56,58|||20230208||
AC|Achats|AC00098|20230222|612000|Redevances de credit-bail|||AC029571|20230222|FACT 250108 PAPETERIE EXPRESS|687,15|0,00|||20230222||
AC|Achats|AC00098|20230222|416000|Clients douteux|||AC029571|20230222|FACT 250108 PAPETERIE EXPRESS|0,00|687,15|||20230222||
AC|Achats|AC00099|20230202|602260|Achats d'emballages|||AC028462|20230202|FACT 250123 PAPETERIE EXPRESS|334,03|0,00|||20230203||
AC|Achats|AC00099|20230202|512100|Banque secondaire|||AC028462|20230202|FACT 250123 PAPETERIE EXPRESS|0,00|334,03|||20230203||
AC|Achats|AC00100|20231103|615600|Maintenance|||AC119779|20231103|FACT 250122 DALKIA FRANCE|368,31|0,00|||20231109||
AC|Achats|AC00100|20231103|508000|Interets courus sur VMP|||AC119779|20231103|FACT 250122 DALKIA FRANCE|0,00|368,31|||20231109||
AC|Achats|AC00101|20230714|618500|Frais de colloques, seminaires, conferences|||AC077815|20230714|FACT 250227 PAPETERIE EXPRESS|1209,33|0,00|||20230721||
AC|Achats|AC00101|20230714|445870|TVA sur factures a etablir|||AC077815|20230714|FACT 250227 PAPETERIE EXPRESS|0,00|1209,33|||20230721||
AC|Achats|AC00102|20230804|621000|Personnel exterieur a l'entreprise|||OD042037|20230804|FACT 250204 FOURNITURES BUREAU|698,16|0,00|||20230809||
AC|Achats|AC00102|20230804|409100|Fournisseurs - Avances et acomptes verses|||OD042037|20230804|FACT 250204 FOURNITURES BUREAU|0,00|698,16|||20230809||
AC|Achats|AC00103|20230324|608500|Frais accessoires d'achat|||AC037881|20230324|FACT 250108 TELECOM SAS|1952,60|0,00|||20230325||
AC|Achats|AC00103|20230324|408400|Fournisseurs d'immobilisations - Factures non parvenues|||AC037881|20230324|FACT 250108 TELECOM SAS|0,00|1952,60|||20230325||
AC|Achats|AC00104|20231014|601000|Achats de matieres premieres|||AC108435|20231010|FACT 250216 ELECTRICITE DE FRANCE|664,90|0,00|||20231013||
AC|Achats|AC00104|20231010|445870|TVA sur factures a etablir|||AC108435|20231010|FACT 250216 ELECTRICITE DE FRANCE|0,00|664,90|||20231013||
AC|Achats|AC00105|20231101|618500|Frais de colloques, seminaires, conferences|||AC118698|20231101|FACT 250219 FOURNITURES BUREAU|1223,47|0,00|||20231105||
AC|Achats|AC00105|20231101|411000|Clients|C00003|CLIENT GAMMA|AC118698|20231101|FACT 250219 FOURNITURES BUREAU|0,00|1223,47|||20231105||
AC|Achats|AC00106|20230620|625600|Missions|||AC068466|20230620|FACT 250126 DALKIA FRANCE|786,62|0,00|||20230621||
AC|Achats|AC00106|20230620|486000|Charges constatees d'avance|||AC068466|20230620|FACT 250126 DALKIA FRANCE|0,00|786,62|||20230621||
AC|Achats|AC00107|20230621|618500|Frais de colloques, seminaires, conferences|||AC068274|20230621|FACT 250212 DALKIA FRANCE|631,21|0,00|||20230628||
AC|Achats|AC00107|20230621|401000|Fournisseurs|F00006|MAINTENANCE PRO|AC068274|20230621|FACT 250212 DALKIA FRANCE|0,00|631,21|O5|20231207|20230628||
AC|Achats|AC00108|20230407|615500|Entretien et reparations sur biens mobiliers|||AC048692|20230407|FACT 250214 FOURNITURES BUREAU|22,71|0,00|||20230409||
AC|Achats|AC00108|20230407|403000|Fournisseurs - Effets a payer|||AC048692|20230407|FACT 250214 FOURNITURES BUREAU|0,00|22,71|||20230409||
AC|Achats|AC00109|20231023|606400|Fournitures administratives|||AC108681|20231023|FACT 250120 PAPETERIE EXPRESS|467,65|0,00|||20231026||
AC|Achats|AC00109|20231023|419100|Clients - Avances et acomptes recus|||AC108681|20231023|FACT 250120 PAPETERIE EXPRESS|0,00|467,65|||20231026||
AC|Achats|AC00110|20230616|625100|Voyages et deplacements|||AC064120|20230616|FACT 250128 ELECTRICITE DE FRANCE|1480,18|0,00|||20230620||
AC|Achats|AC00110|20230616|401000|Fournisseurs|F00004|PAPETERIE EXPRESS|AC064120|20230616|FACT 250128 ELECTRICITE DE FRANCE|0,00|1480,18|S3|20231228|20230620||
AC|Achats|AC00111|20230809|623100|Annonces et insertions|||AC085528|20230809|FACT 250202 TELECOM SAS|745,20|0,00|||20230815||
AC|Achats|AC00111|20230809|403000|Fournisseurs - Effets a payer|||AC085528|20230809|FACT 250202 TELECOM SAS|0,00|745,20|||20230815||
AC|Achats|AC00112|20230228|401000|Fournisseurs|F00010|ELECTRICITE DE FRANCE|AC029918|20230228|FACT 250210 PAPETERIE EXPRESS|5916,80|0,00|||20230228||
AC|Achats|AC00112|20230228|517000|Autres organismes financiers|||AC029918|20230228|FACT 250210 PAPETERIE EXPRESS|0,00|5916,80|||20230228||
AC|Achats|AC00113|20230726|615600|Maintenance|||AC079976|20230726|FACT 250215 FOURNITURES BUREAU|772,02|0,00|||20230727||
AC|Achats|AC00113|20230726|428200|Personnel - Conges payes|||AC079976|20230726|FACT 250215 FOURNITURES BUREAU|0,00|772,02|||20230727||
AC|Achats|AC00114|20230517|612000|Redevances de credit-bail|||AC058409|20230517|FACT 250131 PAPETERIE EXPRESS|765,59|0,00|||20230517||
AC|Achats|AC00114|20230517|445670|TVA collectee|||AC058409|20230517|FACT 250131 PAPETERIE EXPRESS|0,00|765,59|||20230517||
AC|Achats|AC00115|20231023|623000|Publicite, publications, relations publiques|||AC101224|20231023|FACT 250108 ELECTRICITE DE FRANCE|317,64|0,00|||20231027||
AC|Achats|AC00115|20231023|445510|TVA a decaisser|||AC101224|20231023|FACT 250108 ELECTRICITE DE FRANCE|0,00|317,64|||20231027||
AC|Achats|AC00116|20230412|628100|Concours divers (cotisations...)|||AC041498|20230412|FACT 250112 ELECTRICITE DE FRANCE|483,93|0,00|||20230413||
AC|Achats|AC00116|20230412|403000|Fournisseurs - Effets a payer|||AC041498|20230412|FACT 250112 ELECTRICITE DE FRANCE|0,00|483,93|||20230413||
AC|Achats|AC00117|20231016|625700|Receptions|||AC103980|20231016|FACT 250226 PAPETERIE EXPRESS|70,80|0,00|||20231022||
AC|Achats|AC00117|20231016|445710|TVA collectee a payer|||AC103980|20231016|FACT 250226 PAPETERIE EXPRESS|0,00|70,80|||20231022||
AC|Achats|AC00118|20230918|606400|Fournitures administratives|||AC097720|20230918|FACT 250208 DALKIA FRANCE|1901,87|0,00|||20230919||
AC|Achats|AC00118|20230918|451000|Groupe|||AC097720|20230918|FACT 250208 DALKIA FRANCE|0,00|1901,87|||20230919||
AC|Achats|AC00119|20230808|625100|Voyages et deplacements|||AC084117|20230808|FACT 250204 FOURNITURES BUREAU|306,09|0,00|||20230808||
AC|Achats|AC00119|20230808|416000|Clients douteux|||AC084117|20230808|FACT 250204 FOURNITURES BUREAU|0,00|306,09|||20230808||
AC|Achats|AC00120|20230210|606400|Fournitures administratives|||AC025636|20230210|FACT 250113 TELECOM SAS|665,33|0,00|||20230211||
AC|Achats|AC00120|20230210|437000|Autres organismes sociaux|||AC025636|20230210|FACT 250113 TELECOM SAS|0,00|665,33|||20230211||
AC|Achats|AC00121|20230717|618500|Frais de colloques, seminaires, conferences|||AC079036|20230717|FACT 250211 TELECOM SAS|119,52|0,00|||20230720||
AC|Achats|AC00121|20230717|445870|TVA sur factures a etablir|||AC079036|20230717|FACT 250211 TELECOM SAS|0,00|119,52|||20230720||
AC|Achats|AC00122|20230711|623400|Cadeaux a la clientele|||AC077742|20230711|FACT 250215 DALKIA FRANCE|606,98|0,00|||20230711||
AC|Achats|AC00122|20230711|403000|Fournisseurs - Effets a payer|||AC077742|20230711|FACT 250215 DALKIA FRANCE|0,00|606,98|||20230711||
AC|Achats|AC00123|20230303|625700|Receptions|||AC035600|20230303|FACT 250104 PAPETERIE EXPRESS|510,77|0,00|||20230303||
AC|Achats|AC00123|20230303|530000|Caisse|||AC035600|20230303|FACT 250104 PAPETERIE EXPRESS|0,00|510,77|||20230303||
AC|Achats|AC00124|20230623|621000|Personnel exterieur a l'entreprise|||AC069390|20230623|FACT 250227 ELECTRICITE DE FRANCE|1532,53|0,00|||20230625||
AC|Achats|AC00124|20230623|427000|Personnel - Oppositions|||AC069390|20230623|FACT 250227 ELECTRICITE DE FRANCE|0,00|1532,53|||20230625||
AC|Achats|AC00125|20230726|623100|Annonces et insertions|||AC076459|20230726|FACT 250212 PAPETERIE EXPRESS|1816,87|0,00|||20230728||
AC|Achats|AC00125|20230726|445620|TVA deductible sur immobilisations|||AC076459|20230726|FACT 250212 PAPETERIE EXPRESS|0,00|1816,87|||20230728||
AC|Achats|AC00126|20230906|608500|Frais accessoires d'achat|||AC096472|20230906|FACT 250214 ELECTRICITE DE FRANCE|999,42|0,00|||20230908||
AC|Achats|AC00126|20230906|411000|Clients|C00007|CLIENT ETA|AC096472|20230906|FACT 250214 ELECTRICITE DE FRANCE|0,00|999,42|||20230908||
AC|Achats|AC00127|20230822|626000|Frais postaux et de telecommunications|||AC087526|20230822|FACT 250210 PAPETERIE EXPRESS|653,07|0,00|||20230827||
AC|Achats|AC00127|20230822|517000|Autres organismes financiers|||AC087526|20230822|FACT 250210 PAPETERIE EXPRESS|0,00|653,07|||20230827||
AC|Achats|AC00128|20230706|613500|Locations mobilieres|||AC076158|20230706|FACT 250227 FOURNITURES BUREAU|1107,00|0,00|||20230710||
AC|Achats|AC00128|20230706|416000|Clients douteux|||AC076158|20230706|FACT 250227 FOURNITURES BUREAU|0,00|1107,00|||20230710||
AC|Achats|AC00129|20230113|612000|Redevances de credit-bail|||AC012096|20230113|FACT 250102 TELECOM SAS|811,98|0,00|||20230117||
AC|Achats|AC00129|20230114|445620|TVA deductible sur immobilisations|||AC012096|20230113|FACT 250102 TELECOM SAS|0,00|811,98|||20230117||
AC|Achats|AC00130|20230927|627000|Services bancaires et assimiles|||AC091173|20230927|FACT 250118 PAPETERIE EXPRESS|315,37|0,00|||20230927||
AC|Achats|AC00130|20230927|447100|Autres impots, taxes et versements assimiles|||AC091173|20230927|FACT 250118 PAPETERIE EXPRESS|0,00|315,37|||20230927||
AC|Achats|AC00131|20230303|622700|Frais d'actes et de contentieux|||AC034205|20230303|FACT 250127 DALKIA FRANCE|178,00|0,00|||20230304||
AC|Achats|AC00131|20230303|411000|Clients|C00004|CLIENT DELTA|AC034205|20230303|FACT 250127 DALKIA FRANCE|0,00|178,00|||20230304||
AC|Achats|AC00132|20230914|613200|Locations immobilieres|||AC094602|20230914|FACT 250131 TELECOM SAS|1855,00|0,00|||20230915||
AC|Achats|AC00132|20230914|445860|TVA sur factures non parvenues|||AC094602|20230914|FACT 250131 TELECOM SAS|0,00|1855,00|||20230915||
AC|Achats|AC00133|20230928|607000|Achats de marchandises|||AC093208|20230928|FACT 250123 TELECOM SAS|1913,14|0,00|||20230928||
AC|Achats|AC00133|20230928|403000|Fournisseurs - Effets a payer|||AC093208|20230928|FACT 250123 TELECOM SAS|0,00|1913,14|||20230928||
AC|Achats|AC00134|20230614|613200|Locations immobilieres|||AC068750|20230614|FACT 250120 FOURNITURES BUREAU|405,03|0,00|||20230617||
AC|Achats|AC00134|20230614|437000|Autres organismes sociaux|||AC068750|20230614|FACT 250120 FOURNITURES BUREAU|0,00|405,03|||20230617||
AC|Achats|AC00135|20231031|606400|Fournitures administratives|||AC103258|20231031|FACT 250213 TELECOM SAS|1865,56|0,00|||20231104||
AC|Achats|AC00135|20231031|431000|Securite sociale|||AC103258|20231031|FACT 250213 TELECOM SAS|0,00|1865,56|||20231104||
AC|Achats|AC00136|20230127|622700|Frais d'actes et de contentieux|||AC012612|20230127|FACT 250207 ELECTRICITE DE FRANCE|1789,95|0,00|||20230203||
AC|Achats|AC00136|20230127|413000|Clients - Effets a recevoir|||AC012612|20230127|FACT 250207 ELECTRICITE DE FRANCE|0,00|1789,95|||20230203||
AC|Achats|AC00137|20230407|625600|Missions|||AC041309|20230407|FACT 250212 ELECTRICITE DE FRANCE|1754,56|0,00|||20230414||
AC|Achats|AC00137|20230407|486000|Charges constatees d'avance|||AC041309|20230407|FACT 250212 ELECTRICITE DE FRANCE|0,00|1754,56|||20230414||
AC|Achats|AC00138|20230124|613200|Locations immobilieres|||AC019602|20230124|FACT 250116 PAPETERIE EXPRESS|1657,48|0,00|||20230129||
AC|Achats|AC00138|20230124|514000|Cheques postaux|||AC019602|20230124|FACT 250116 PAPETERIE EXPRESS|0,00|1657,48|||20230129||
AC|Achats|AC00139|20230106|615200|Entretien et reparations sur biens immobiliers|||AC012344|20230106|FACT 250122 PAPETERIE EXPRESS|1279,11|0,00|||20230106||
AC|Achats|AC00139|20230106|451000|Groupe|||AC012344|20230106|FACT 250122 PAPETERIE EXPRESS|0,00|1279,11|||20230106||
AC|Achats|AC00140|20230718|601000|Achats de matieres premieres|||AC078524|20230718|FACT 250116 DALKIA FRANCE|1439,47|0,00|||20230719||
AC|Achats|AC00140|20230718|511000|Valeurs a l'encaissement|||AC078524|20230718|FACT 250116 DALKIA FRANCE|0,00|1439,47|||20230719||
AC|Achats|AC00141|20230901|618500|Frais de colloques, seminaires, conferences|||AC094963|20230901|FACT 250129 ELECTRICITE DE FRANCE|1141,65|0,00|||20230902||
AC|Achats|AC00141|20230901|411000|Clients|C00007|CLIENT ETA|AC094963|20230901|FACT 250129 ELECTRICITE DE FRANCE|0,00|1141,65|||20230902||
AC|Achats|AC00142|20231110|608500|Frais accessoires d'achat|||AC117237|20231110|FACT 250220 DALKIA FRANCE|1651,43|0,00|||20231113||
AC|Achats|AC00142|20231110|403000|Fournisseurs - Effets a payer|||AC117237|20231110|FACT 250220 DALKIA FRANCE|0,00|1651,43|||20231113||
AC|Achats|AC00143|20230602|614000|Charges locatives|||AC067409|20230602|FACT 250221 ELECTRICITE DE FRANCE|102,72|0,00|||20230608||
AC|Achats|AC00143|20230602|500000|Valeurs mobilieres de placement|||AC067409|20230602|FACT 250221 ELECTRICITE DE FRANCE|0,00|102,72|||20230608||
AC|Achats|AC00144|20230503|615600|Maintenance|||AC053094|20230503|FACT 250121 TELECOM SAS|1969,82|0,00|||20230506||
AC|Achats|AC00144|20230503|408400|Fournisseurs d'immobilisations - Factures non parvenues|||AC053094|20230503|FACT 250121 TELECOM SAS|0,00|1969,82|||20230506||
AC|Achats|AC00145|20230919|615500|Entretien et reparations sur biens mobiliers|||AC098777|20230919|FACT 250110 ELECTRICITE DE FRANCE|1397,28|0,00|||20230926||
AC|Achats|AC00145|20230919|445510|TVA a decaisser|||AC098777|20230919|FACT 250110 ELECTRICITE DE FRANCE|0,00|1397,28|||20230926||
AC|Achats|AC00146|20230609|623000|Publicite, publications, relations publiques|||AC066587|20230609|FACT 250122 ELECTRICITE DE FRANCE|1972,59|0,00|||20230615||
AC|Achats|AC00146|20230609|441000|Etat - Impot sur les benefices|||AC066587|20230609|FACT 250122 ELECTRICITE DE FRANCE|0,00|1972,59|||20230615||
AC|Achats|AC00147|20230626|623400|Cadeaux a la clientele|||AC068901|20230626|FACT 250106 DALKIA FRANCE|609,79|0,00|||20230703||
AC|Achats|AC00147|20230626|468600|Charges a payer|||AC068901|20230626|FACT 250106 DALKIA FRANCE|0,00|609,79|||20230703||
AC|Achats|AC00148|20231117|602100|Achats de matieres consommables|||AC114835|20231117|FACT 250122 ELECTRICITE DE FRANCE|1105,00|0,00|||20231118||
AC|Achats|AC00148|20231117|421000|Personnel - Remunerations dues|||AC114835|20231117|FACT 250122 ELECTRICITE DE FRANCE|0,00|1105,00|||20231118||
AC|Achats|AC00149|20230510|612000|Redevances de credit-bail|||AC059725|20230510|FACT 250208 TELECOM SAS|1959,28|0,00|||20230517||
AC|Achats|AC00149|20230510|514000|Cheques postaux|||AC059725|20230510|FACT 250208 TELECOM SAS|0,00|1959,28|||20230517||
AC|Achats|AC00150|20230208|602200|Achats de fournitures consommables|||AC022835|20230208|FACT 250122 FOURNITURES BUREAU|1960,68|0,00|||20230215||
AC|Achats|AC00150|20230208|518100|Interets courus a payer|||AC022835|20230208|FACT 250122 FOURNITURES BUREAU|0,00|1960,68|||20230215||
AC|Achats|AC00151|20230915|601000|Achats de matieres premieres|||AC095143|20230915|FACT 250227 PAPETERIE EXPRESS|694,31|0,00|||20230916||
AC|Achats|AC00151|20230915|590000|Depreciation des valeurs mobilieres de placement|||AC095143|20230915|FACT 250227 PAPETERIE EXPRESS|0,00|694,31|||20230916||
AC|Achats|AC00152|20230106|606400|Fournitures administratives|||AC018058|20230106|FACT 250122 DALKIA FRANCE|429,88|0,00|||20230109||
AC|Achats|AC00152|20230107|445660|TVA deductible sur ABS|||AC018058|20230106|FACT 250122 DALKIA FRANCE|0,00|429,88|||20230109||
AC|Achats|AC00153|20231129|626000|Frais postaux et de telecommunications|||AC113625|20231129|FACT 250217 TELECOM SAS|766,06|0,00|||20231201||
AC|Achats|AC00153|20231129|486000|Charges constatees d'avance|||AC113625|20231129|FACT 250217 TELECOM SAS|0,00|766,06|||20231201||
AC|Achats|AC00154|20230811|601000|Achats de matieres premieres|||AC086130|20230811|FACT 250108 TELECOM SAS|1863,11|0,00|||20230813||
AC|Achats|AC00154|20230811|467000|Autres comptes debiteurs ou crediteurs|||AC086130|20230811|FACT 250108 TELECOM SAS|0,00|1863,11|||20230813||
AC|Achats|AC00155|20231230|618100|Documentation generale|||AC122259|20231229|FACT 250225 DALKIA FRANCE|1005,07|0,00|||20231230||
AC|Achats|AC00155|20231229|451000|Groupe|||AC122259|20231229|FACT 250225 DALKIA FRANCE|0,00|1005,07|||20231230||
AC|Achats|AC00156|20231012|612000|Redevances de credit-bail|||AC102838|20231012|FACT 250127 ELECTRICITE DE FRANCE|1888,98|0,00|||20231018||
AC|Achats|AC00156|20231012|447100|Autres impots, taxes et versements assimiles|||AC102838|20231012|FACT 250127 ELECTRICITE DE FRANCE|0,00|1888,98|||20231018||
AC|Achats|AC00157|20230331|607000|Achats de marchandises|||AC036460|20230331|FACT 250218 ELECTRICITE DE FRANCE|340,07|0,00|||20230405||
AC|Achats|AC00157|20230401|421000|Personnel - Remunerations dues|||AC036460|20230331|FACT 250218 ELECTRICITE DE FRANCE|0,00|340,07|||20230405||
AC|Achats|AC00158|20230324|602260|Achats d'emballages|||AC037468|20230324|FACT 250101 DALKIA FRANCE|365,38|0,00|||20230326||
AC|Achats|AC00158|20230324|404000|Fournisseurs d'immobilisations|||AC037468|20230324|FACT 250101 DALKIA FRANCE|0,00|365,38|||20230326||
AC|Achats|AC00159|20230104|618100|Documentation generale|||AC012568|20230104|FACT 250111 FOURNITURES BUREAU|463,17|0,00|||20230106||
AC|Achats|AC00159|20230104|419100|Clients - Avances et acomptes recus|||AC012568|20230104|FACT 250111 FOURNITURES BUREAU|0,00|463,17|||20230106||
AC|Achats|AC00160|20230418|621000|Personnel exterieur a l'entreprise|||AC046560|20230418|FACT 250119 PAPETERIE EXPRESS|796,13|0,00|||20230423||
AC|Achats|AC00160|20230418|445520|TVA due intracommunautaire|||AC046560|20230418|FACT 250119 PAPETERIE EXPRESS|0,00|796,13|||20230423||
AC|Achats|AC00161|20230525|628100|Concours divers (cotisations...)|||AC055719|20230525|FACT 250209 FOURNITURES BUREAU|353,70|0,00|||20230529||
AC|Achats|AC00161|20230525|508000|Interets courus sur VMP|||AC055719|20230525|FACT 250209 FOURNITURES BUREAU|0,00|353,70|||20230529||
BQ|Banque|BQ00001|20230821|645000|Charges de securite sociale et de prevoyance|||BQ085769|20230821|CB 23/02 FOURNISSEUR|1477,42|0,00|||20230826||
BQ|Banque|BQ00001|20230821|419100|Clients - Avances et acomptes recus|||BQ085769|20230821|CB 23/02 FOURNISSEUR|0,00|1477,42|||20230826||
BQ|Banque|BQ00002|20230915|625700|Receptions|||BQ094971|20230915|CB 21/01 FOURNISSEUR|1064,55|0,00|||20230916||
BQ|Banque|BQ00002|20230915|425000|Personnel - Avances et acomptes|||BQ094971|20230915|CB 21/01 FOURNISSEUR|0,00|1064,55|||20230916||
BQ|Banque|BQ00003|20230302|626000|Frais postaux et de telecommunications|||BQ033185|20230302|CB 13/02 FOURNISSEUR|102,63|0,00|||20230302||
BQ|Banque|BQ00003|20230302|445670|TVA collectee|||BQ033185|20230302|CB 13/02 FOURNISSEUR|0,00|102,63|||20230302||
BQ|Banque|BQ00004|20230303|611000|Sous-traitance generale|||BQ033150|20230303|CB 10/01 FOURNISSEUR|329,91|0,00|||20230303||
BQ|Banque|BQ00004|20230303|580000|Virements internes|||BQ033150|20230303|CB 10/01 FOURNISSEUR|0,00|329,91|||20230303||
BQ|Banque|BQ00005|20230106|781740|Reprises sur provisions sur creances|||BQ017066|20230106|OPERATION BANCAIRE 18/02|598,57|0,00|||20230106||
BQ|Banque|BQ00005|20230106|445660|TVA deductible sur ABS|||BQ017066|20230106|OPERATION BANCAIRE 18/02|0,00|598,57|||20230106||
BQ|Banque|BQ00006|20230428|623100|Annonces et insertions|||AC072995|20230428|CB 12/02 FOURNISSEUR|1687,39|0,00|||20230501||
BQ|Banque|BQ00006|20230428|445620|TVA deductible sur immobilisations|||BQ041628|20230428|CB 12/02 FOURNISSEUR|0,00|1687,39|||20230501||
BQ|Banque|BQ00007|20230421|631000|Impots, taxes et versements assimiles sur remunerations|||BQ047174|20230421|CB 31/01 FOURNISSEUR|1258,16|0,00|||20230426||
BQ|Banque|BQ00007|20230421|418100|Clients - Factures a etablir|||BQ047174|20230421|CB 31/01 FOURNISSEUR|0,00|1258,16|||20230426||
BQ|Banque|BQ00008|20230719|601000|Achats de matieres premieres|||BQ077441|20230719|CB 10/01 FOURNISSEUR|759,64|0,00|||20230726||
BQ|Banque|BQ00008|20230719|514000|Cheques postaux|||BQ077441|20230719|CB 10/01 FOURNISSEUR|0,00|759,64|||20230726||
BQ|Banque|BQ00009|20230905|635000|Autres impots, taxes et versements assimiles|||BQ098740|20230905|CB 17/01 FOURNISSEUR|302,32|0,00|||20230911||
BQ|Banque|BQ00009|20230905|401000|Fournisseurs|F00007|ASSURANCE GENERALI|BQ098740|20230905|CB 17/01 FOURNISSEUR|0,00|302,32|||20230911||
BQ|Banque|BQ00010|20231114|590000|Depreciation des valeurs mobilieres de placement|||BQ116559|20231114|VIREMENT 21/01 REF 39350520|98,34|0,00|||20231117||
BQ|Banque|BQ00010|20231114|580000|Virements internes|||BQ116559|20231114|VIREMENT 21/01 REF 39350520|0,00|98,34|||20231117||
BQ|Banque|BQ00011|20231113|416000|Clients douteux|||BQ114691|20231113|OPERATION BANCAIRE 10/02|146,84|0,00|||20231114||
BQ|Banque|BQ00011|20231113|618100|Documentation generale|||BQ114691|20231113|OPERATION BANCAIRE 10/02|0,00|146,84|||20231114||
BQ|Banque|BQ00012|20230929|413000|Clients - Effets a recevoir|||BQ096562|20230929|OPERATION BANCAIRE 11/01|70,92|0,00|||20231006||
BQ|Banque|BQ00012|20230929|618100|Documentation generale|||BQ096562|20230929|OPERATION BANCAIRE 11/01|0,00|70,92|||20231006||
BQ|Banque|BQ00013|20231103|514000|Cheques postaux|||BQ113896|20231103|VIREMENT 16/01 REF 59967441|933,67|0,00|||20231110||
BQ|Banque|BQ00013|20231103|511000|Valeurs a l'encaissement|||BQ113896|20231103|VIREMENT 16/01 REF 59967441|0,00|933,67|||20231110||
BQ|Banque|BQ00014|20230825|740000|Subventions d'exploitation|||BQ086232|20230825|OPERATION BANCAIRE 03/01|1286,66|0,00|||20230827||
BQ|Banque|BQ00014|20230825|622700|Frais d'actes et de contentieux|||BQ086232|20230825|OPERATION BANCAIRE 03/01|0,00|1286,66|||20230827||
BQ|Banque|BQ00015|20230506|687000|Dot. amort. et provisions exceptionnels|||BQ054023|20230504|CB 17/01 FOURNISSEUR|1100,79|0,00|||20230504||
BQ|Banque|BQ00015|20230504|445520|TVA due intracommunautaire|||BQ054023|20230504|CB 17/01 FOURNISSEUR|0,00|1100,79|||20230504||
BQ|Banque|BQ00016|20231013|633000|Impots, taxes et versements assimiles sur remunerations (autres organismes)|||BQ106334|20231013|CB 21/01 FOURNISSEUR|677,00|0,00|||20231016||
BQ|Banque|BQ00016|20231013|451000|Groupe|||BQ106334|20231013|CB 21/01 FOURNISSEUR|0,00|677,00|||20231016||
BQ|Banque|BQ00017|20230206|681110|Dot. amort. sur immo. incorporelles|||BQ025877|20230206|CB 19/01 FOURNISSEUR|1061,80|0,00|||20230208||
BQ|Banque|BQ00017|20230206|418100|Clients - Factures a etablir|||BQ025877|20230206|CB 19/01 FOURNISSEUR|0,00|1061,80|||20230208||
BQ|Banque|BQ00018|20230503|791000|Transferts de charges d'exploitation|||BQ059035|20230503|OPERATION BANCAIRE 23/01|1750,61|0,00|||20230506||
BQ|Banque|BQ00018|20230503|281310|Amort. batiments|||BQ059035|20230503|OPERATION BANCAIRE 23/01|0,00|1750,61|||20230506||
BQ|Banque|BQ00019|20230811|419100|Clients - Avances et acomptes recus|||BQ089430|20230811|OPERATION BANCAIRE 30/01|368,80|0,00|||20230816||
BQ|Banque|BQ00019|20230811|445870|TVA sur factures a etablir|||BQ089430|20230811|OPERATION BANCAIRE 30/01|0,00|368,80|||20230816||
BQ|Banque|BQ00020|20230808|613500|Locations mobilieres|||BQ087529|20230808|CB 18/02 FOURNISSEUR|1627,06|0,00|||20230815||
BQ|Banque|BQ00020|20230808|512000|Banque principale|||BQ087529|20230808|CB 18/02 FOURNISSEUR|0,00|1627,06|||20230815||
BQ|Banque|BQ00021|20230117|781740|Reprises sur provisions sur creances|||BQ016945|20230117|OPERATION BANCAIRE 27/01|684,10|0,00|||20230121||
BQ|Banque|BQ00021|20230121|791000|Transferts de charges d'exploitation|||BQ016945|20230117|OPERATION BANCAIRE 27/01|0,00|684,10|||20230121||
BQ|Banque|BQ00022|20230804|625600|Missions|||BQ083494|20230804|CB 20/01 FOURNISSEUR|174,60|0,00|||20230807||
BQ|Banque|BQ00022|20230804|404000|Fournisseurs d'immobilisations|||BQ083494|20230804|CB 20/01 FOURNISSEUR|0,00|174,60|||20230807||
BQ|Banque|BQ00023|20230719|408400|Fournisseurs d'immobilisations - Factures non parvenues|||BQ077686|20230719|OPERATION BANCAIRE 12/01|420,29|0,00|||20230722||
BQ|Banque|BQ00023|20230719|471000|Compte d'attente|||BQ077686|20230719|OPERATION BANCAIRE 12/01|0,00|420,29|||20230722||
BQ|Banque|BQ00024|20231005|686500|Dot. provisions pour risques et charges financiers|||BQ102200|20231005|CB 01/01 FOURNISSEUR|143,40|0,00|||20231009||
BQ|Banque|BQ00024|20231005|408100|Fournisseurs - Factures non parvenues|||BQ102200|20231005|CB 01/01 FOURNISSEUR|0,00|143,40|||20231009||
BQ|Banque|BQ00025|20231208|500000|Valeurs mobilieres de placement|||BQ125647|20231208|VIREMENT 15/02 REF 65906263|128,60|0,00|||20231212||
BQ|Banque|BQ00025|20231208|681120|Dot. amort. sur immo. corporelles|||BQ125647|20231208|VIREMENT 15/02 REF 65906263|0,00|128,60|||20231212||
BQ|Banque|BQ00026|20231208|706000|Prestations de services|||BQ126454|20231208|OPERATION BANCAIRE 02/02|1255,58|0,00|||20231209||
BQ|Banque|BQ00026|20231208|508000|Interets courus sur VMP|||BQ126454|20231208|OPERATION BANCAIRE 02/02|0,00|1255,58|||20231209||
BQ|Banque|BQ00027|20230320|413000|Clients - Effets a recevoir|||BQ032823|20230320|OPERATION BANCAIRE 02/02|311,29|0,00|||20230327||
BQ|Banque|BQ00027|20230320|654000|Pertes sur creances irrecouvrables|||BQ032823|20230320|OPERATION BANCAIRE 02/02|0,00|311,29|||20230327||
BQ|Banque|BQ00028|20230529|517000|Autres organismes financiers|||BQ051908|20230529|VIREMENT 14/02 REF 96050324|912,54|0,00|||20230604||
BQ|Banque|BQ00028|20230529|648000|Autres charges de personnel|||BQ051908|20230529|VIREMENT 14/02 REF 96050324|0,00|912,54|||20230604||
BQ|Banque|BQ00029|20230616|511000|Valeurs a l'encaissement|||BQ065343|20230616|VIREMENT 05/02 REF 2830040|161,25|0,00|||20230616||
BQ|Banque|BQ00029|20230616|164000|Emprunts aupres des etablissements de credit|||BQ065343|20230616|VIREMENT 05/02 REF 2830040|0,00|161,25|||20230616||
BQ|Banque|BQ00030|20230908|661000|Charges d'interets|||BQ097830|20230908|CB 01/02 FOURNISSEUR|1412,87|0,00|||20230911||
BQ|Banque|BQ00030|20230908|468600|Charges a payer|||BQ097830|20230908|CB 01/02 FOURNISSEUR|0,00|1412,87|||20230911||
BQ|Banque|BQ00031|20230519|615500|Entretien et reparations sur biens mobiliers|||BQ051271|20230519|CB 20/02 FOURNISSEUR|169,52|0,00|||20230524||
BQ|Banque|BQ00031|20230519|413000|Clients - Effets a recevoir|||BQ051271|20230519|CB 20/02 FOURNISSEUR|0,00|169,52|||20230524||
BQ|Banque|BQ00032|20231213|602100|Achats de matieres consommables|||BQ127383|20231213|CB 26/01 FOURNISSEUR|537,96|0,00|||20231213||
BQ|Banque|BQ00032|20231213|511000|Valeurs a l'encaissement|||BQ127383|20231213|CB 26/01 FOURNISSEUR|0,00|537,96|||20231213||
BQ|Banque|BQ00033|20230616|471000|Compte d'attente|||BQ062486|20230616|VIREMENT 06/02 REF 43367807|485,28|0,00|||20230619||
BQ|Banque|BQ00033|20230616|207000|Fonds commercial|||BQ062486|20230616|VIREMENT 06/02 REF 43367807|0,00|485,28|||20230619||
BQ|Banque|BQ00034|20231106|625100|Voyages et deplacements|||BQ116361|20231106|CB 25/01 FOURNISSEUR|883,56|0,00|||20231108||
BQ|Banque|BQ00034|20231106|445670|TVA collectee|||BQ116361|20231106|CB 25/01 FOURNISSEUR|0,00|883,56|||20231108||
BQ|Banque|BQ00035|20230803|625700|Receptions|||BQ086929|20230803|CB 23/02 FOURNISSEUR|1163,45|0,00|||20230805||
BQ|Banque|BQ00035|20230803|468600|Charges a payer|||BQ086929|20230803|CB 23/02 FOURNISSEUR|0,00|1163,45|||20230805||
BQ|Banque|BQ00036|20230509|647000|Autres charges sociales|||BQ057387|20230509|CB 31/01 FOURNISSEUR|1293,20|0,00|||20230515||
BQ|Banque|BQ00036|20230509|411000|Clients|C00007|CLIENT ETA|BQ057387|20230509|CB 31/01 FOURNISSEUR|0,00|1293,20|||20230515||
BQ|Banque|BQ00037|20230901|590000|Depreciation des valeurs mobilieres de placement|||BQ097421|20230901|VIREMENT 06/02 REF 16046344|795,51|0,00|||20230906||
BQ|Banque|BQ00037|20230901|602260|Achats d'emballages|||BQ097421|20230901|VIREMENT 06/02 REF 16046344|0,00|795,51|||20230906||
BQ|Banque|BQ00038|20230227|713000|Variation des stocks|||BQ022208|20230227|OPERATION BANCAIRE 26/02|868,14|0,00|||20230302||
BQ|Banque|BQ00038|20230227|445520|TVA due intracommunautaire|||BQ022208|20230227|OPERATION BANCAIRE 26/02|0,00|868,14|||20230302||
BQ|Banque|BQ00039|20230605|418100|Clients - Factures a etablir|||BQ068769|20230605|OPERATION BANCAIRE 02/02|189,85|0,00|||20230612||
BQ|Banque|BQ00039|20230605|621000|Personnel exterieur a l'entreprise|||BQ068769|20230605|OPERATION BANCAIRE 02/02|0,00|189,85|||20230612||
BQ|Banque|BQ00040|20221230|622600|Honoraires|||BQ124280|20221230|CB 02/01 FOURNISSEUR|1693,36|0,00|||20230104||
BQ|Banque|BQ00040|20221230|445860|TVA sur factures non parvenues|||BQ124280|20221230|CB 02/01 FOURNISSEUR|0,00|1693,36|||20230104||
BQ|Banque|BQ00041|20230609|613200|Locations immobilieres|||BQ066944|20230609|CB 11/01 FOURNISSEUR|1120,37|0,00|||20230614||
BQ|Banque|BQ00041|20230609|471000|Compte d'attente|||BQ066944|20230609|CB 11/01 FOURNISSEUR|0,00|1120,37|||20230614||
BQ|Banque|BQ00042|20231026|625700|Receptions|||BQ109932|20231026|CB 08/01 FOURNISSEUR|1231,87|0,00|||20231029||
BQ|Banque|BQ00042|20231026|416000|Clients douteux|||BQ109932|20231026|CB 08/01 FOURNISSEUR|0,00|1231,87|||20231029||
BQ|Banque|BQ00043|20231017|408400|Fournisseurs d'immobilisations - Factures non parvenues|||BQ105796|20231017|OPERATION BANCAIRE 01/02|180,00|0,00|||20231019||
BQ|Banque|BQ00043|20231017|207000|Fonds commercial|||BQ105796|20231017|OPERATION BANCAIRE 01/02|0,00|180,00|||20231019||
BQ|Banque|BQ00044|20230113|623000|Publicite, publications, relations publiques|||BQ015371|20230113|CB 18/02 FOURNISSEUR|785,29|0,00|||20230115||
BQ|Banque|BQ00044|20230113|512100|Banque secondaire|||BQ015371|20230113|CB 18/02 FOURNISSEUR|0,00|785,29|||20230115||
BQ|Banque|BQ00045|20230210|602260|Achats d'emballages|||BQ026499|20230210|CB 03/01 FOURNISSEUR|894,74|0,00|||20230216||
BQ|Banque|BQ00045|20230210|445510|TVA a decaisser|||BQ026499|20230210|CB 03/01 FOURNISSEUR|0,00|894,74|||20230216||
BQ|Banque|BQ00046|20230624|508000|Interets courus sur VMP|||BQ067269|20230623|VIREMENT 07/01 REF 21015505|410,71|0,00|||20230627||
BQ|Banque|BQ00046|20230623|713000|Variation des stocks|||BQ067269|20230623|VIREMENT 07/01 REF 21015505|0,00|410,71|||20230627||
BQ|Banque|BQ00047|20230707|518700|Interets courus a recevoir|||BQ073062|20230707|VIREMENT 06/01 REF 99861719|791,25|0,00|||20230714||
BQ|Banque|BQ00047|20230707|623400|Cadeaux a la clientele|||BQ073062|20230707|VIREMENT 06/01 REF 99861719|0,00|791,25|||20230714||
BQ|Banque|BQ00048|20231017|651000|Redevances pour concessions, brevets, licences, etc.|||BQ104125|20231017|CB 25/01 FOURNISSEUR|1671,02|0,00|||20231024||
BQ|Banque|BQ00048|20231017|500000|Valeurs mobilieres de placement|||BQ104125|20231017|CB 25/01 FOURNISSEUR|0,00|1671,02|||20231024||
BQ|Banque|BQ00049|20230929|754000|Ristournes percues des cooperatives|||BQ097176|20230929|OPERATION BANCAIRE 27/02|151,99|0,00|||20231003||
BQ|Banque|BQ00049|20230929|437000|Autres organismes sociaux|||BQ097176|20230929|OPERATION BANCAIRE 27/02|0,00|151,99|||20231003||
BQ|Banque|BQ00050|20230706|601000|Achats de matieres premieres|||BQ074861|20230706|CB 30/01 FOURNISSEUR|430,62|0,00|||20230707||
BQ|Banque|BQ00050|20230706|419100|Clients - Avances et acomptes recus|||BQ074861|20230706|CB 30/01 FOURNISSEUR|0,00|430,62|||20230707||
BQ|Banque|BQ00051|20230504|654000|Pertes sur creances irrecouvrables|||BQ057094|20230504|CB 24/01 FOURNISSEUR|1342,79|0,00|||20230509||
BQ|Banque|BQ00051|20230504|403000|Fournisseurs - Effets a payer|||BQ057094|20230504|CB 24/01 FOURNISSEUR|0,00|1342,79|||20230509||
BQ|Banque|BQ00052|20230602|664000|Pertes sur cessions de valeurs mobilieres de placement|||BQ064251|20230602|CB 24/02 FOURNISSEUR|1419,27|0,00|||20230603||
BQ|Banque|BQ00052|20230602|487000|Produits constates d'avance|||BQ064251|20230602|CB 24/02 FOURNISSEUR|0,00|1419,27|||20230603||
BQ|Banque|BQ00053|20230331|408100|Fournisseurs - Factures non parvenues|||BQ033807|20230331|OPERATION BANCAIRE 11/01|938,98|0,00|||20230407||
BQ|Banque|BQ00053|20230331|281830|Amort. materiel de bureau|||BQ033807|20230331|OPERATION BANCAIRE 11/01|0,00|938,98|||20230407||
BQ|Banque|BQ00054|20230703|622600|Honoraires|||BQ076883|20230703|CB 01/02 FOURNISSEUR|887,18|0,00|||20230710||
BQ|Banque|BQ00054|20230703|445510|TVA a decaisser|||BQ076883|20230703|CB 01/02 FOURNISSEUR|0,00|887,18|||20230710||
BQ|Banque|BQ00055|20230721|642000|Remunerations des dirigeants|||BQ071792|20230721|CB 17/01 FOURNISSEUR|71,21|0,00|||20230728||
BQ|Banque|BQ00055|20230721|437000|Autres organismes sociaux|||BQ071792|20230721|CB 17/01 FOURNISSEUR|0,00|71,21|||20230728||
BQ|Banque|BQ00056|20230505|616000|Primes d'assurance|||BQ056234|20230505|CB 01/02 FOURNISSEUR|1196,69|0,00|||20230511||
BQ|Banque|BQ00056|20230505|514000|Cheques postaux|||BQ056234|20230505|CB 01/02 FOURNISSEUR|0,00|1196,69|||20230511||
BQ|Banque|BQ00057|20231020|606300|Fournitures d'entretien et petit equipement|||BQ104647|20231020|CB 15/02 FOURNISSEUR|354,28|0,00|||20231021||
BQ|Banque|BQ00057|20231020|451000|Groupe|||BQ104647|20231020|CB 15/02 FOURNISSEUR|0,00|354,28|||20231021||
BQ|Banque|BQ00058|20230728|648000|Autres charges de personnel|||BQ077127|20230728|CB 15/01 FOURNISSEUR|1378,08|0,00|||20230802||
BQ|Banque|BQ00058|20230728|445510|TVA a decaisser|||BQ077127|20230728|CB 15/01 FOURNISSEUR|0,00|1378,08|||20230802||
BQ|Banque|BQ00059|20230622|796000|Transferts de charges financieres|||BQ068433|20230622|OPERATION BANCAIRE 24/01|975,33|0,00|||20230623||
BQ|Banque|BQ00059|20230622|623100|Annonces et insertions|||BQ068433|20230622|OPERATION BANCAIRE 24/01|0,00|975,33|||20230623||
BQ|Banque|BQ00060|20230208|713000|Variation des stocks|||BQ024625|20230208|OPERATION BANCAIRE 24/02|782,36|0,00|||20230213||
BQ|Banque|BQ00060|20230208|621000|Personnel exterieur a l'entreprise|||BQ024625|20230208|OPERATION BANCAIRE 24/02|0,00|782,36|||20230213||
BQ|Banque|BQ00061|20230802|675000|Valeurs comptables des elements d'actif cedes|||BQ087771|20230802|CB 05/01 FOURNISSEUR|1082,52|0,00|||20230808||
BQ|Banque|BQ00061|20230802|590000|Depreciation des valeurs mobilieres de placement|||BQ087771|20230802|CB 05/01 FOURNISSEUR|0,00|1082,52|||20230808||
BQ|Banque|BQ00062|20231103|708500|Ports et frais accessoires factures|||BQ112945|20231103|OPERATION BANCAIRE 17/01|1244,73|0,00|||20231108||
BQ|Banque|BQ00062|20231103|762000|Produits des autres immobilisations financieres|||BQ112945|20231103|OPERATION BANCAIRE 17/01|0,00|1244,73|||20231108||
BQ|Banque|BQ00063|20230429|618100|Documentation generale|||BQ048853|20230427|CB 08/02 FOURNISSEUR|214,37|0,00|||20230502||
BQ|Banque|BQ00063|20230427|408400|Fournisseurs d'immobilisations - Factures non parvenues|||BQ048853|20230427|CB 08/02 FOURNISSEUR|0,00|214,37|||20230502||
BQ|Banque|BQ00064|20230320|664000|Pertes sur cessions de valeurs mobilieres de placement|||BQ035394|20230320|CB 31/01 FOURNISSEUR|691,20|0,00|||20230323||
BQ|Banque|BQ00064|20230320|445510|TVA a decaisser|||BQ035394|20230320|CB 31/01 FOURNISSEUR|0,00|691,20|||20230323||
BQ|Banque|BQ00065|20230719|602100|Achats de matieres consommables|||BQ076967|20230719|CB 17/01 FOURNISSEUR|176,26|0,00|||20230723||
BQ|Banque|BQ00065|20230719|471000|Compte d'attente|||BQ076967|20230719|CB 17/01 FOURNISSEUR|0,00|176,26|||20230723||
BQ|Banque|BQ00066|20230324|707000|Ventes de marchandises|||OD037025|20230324|OPERATION BANCAIRE 10/02|1694,16|0,00|||20230324||
BQ|Banque|BQ00066|20230324|231000|Immobilisations corporelles en cours|||BQ036230|20230324|OPERATION BANCAIRE 10/02|0,00|1694,16|||20230324||
BQ|Banque|BQ00067|20230608|517000|Autres organismes financiers|||BQ067348|20230608|VIREMENT 28/01 REF 84430645|248,21|0,00|||20230609||
BQ|Banque|BQ00067|20230608|370000|Marchandises|||BQ067348|20230608|VIREMENT 28/01 REF 84430645|0,00|248,21|||20230609||
BQ|Banque|BQ00068|20230220|709000|Rabais, remises et ristournes accordes|||BQ021889|20230220|OPERATION BANCAIRE 04/01|767,04|0,00|||20230220||
BQ|Banque|BQ00068|20230220|628100|Concours divers (cotisations...)|||BQ021889|20230220|OPERATION BANCAIRE 04/01|0,00|767,04|||20230220||
BQ|Banque|BQ00069|20230622|767000|Produits nets sur cessions de valeurs mobilieres de placement|||BQ061341|20230622|OPERATION BANCAIRE 13/01|100,30|0,00|||20230624||
BQ|Banque|BQ00069|20230622|627000|Services bancaires et assimiles|||BQ061341|20230622|OPERATION BANCAIRE 13/01|0,00|100,30|||20230624||
BQ|Banque|BQ00070|20230622|695000|Impots sur les benefices|||BQ067994|20230622|CB 18/02 FOURNISSEUR|187,66|0,00|||20230624||
BQ|Banque|BQ00070|20230622|451000|Groupe|||BQ067994|20230622|CB 18/02 FOURNISSEUR|0,00|187,66|||20230624||
BQ|Banque|BQ00071|20231113|613200|Locations immobilieres|||CA103234|20231113|CB 30/01 FOURNISSEUR|911,97|0,00|||20231119||
BQ|Banque|BQ00071|20231113|445520|TVA due intracommunautaire|||BQ116248|20231113|CB 30/01 FOURNISSEUR|0,00|911,97|||20231119||
BQ|Banque|BQ00072|20231027|763000|Revenus des autres creances|||BQ104024|20231027|OPERATION BANCAIRE 24/01|427,62|0,00|||20231030||
BQ|Banque|BQ00072|20231027|686500|Dot. provisions pour risques et charges financiers|||BQ104024|20231027|OPERATION BANCAIRE 24/01|0,00|427,62|||20231030||
BQ|Banque|BQ00073|20230915|621000|Personnel exterieur a l'entreprise|||BQ097304|20230915|CB 02/01 FOURNISSEUR|821,85|0,00|||20230915||
BQ|Banque|BQ00073|20230915|408100|Fournisseurs - Factures non parvenues|||BQ097304|20230915|CB 02/01 FOURNISSEUR|0,00|821,85|||20230915||
BQ|Banque|BQ00074|20231229|654000|Pertes sur creances irrecouvrables|||BQ124036|20231229|CB 24/01 FOURNISSEUR|581,34|0,00|||20231229||
BQ|Banque|BQ00074|20231229|418100|Clients - Factures a etablir|||BQ124036|20231229|CB 24/01 FOURNISSEUR|0,00|581,34|||20231229||
BQ|Banque|BQ00075|20231207|530000|Caisse|||BQ125082|20231207|VIREMENT 28/01 REF 71208468|216,70|0,00|||20231208||
BQ|Banque|BQ00075|20231207|211000|Terrains|||BQ125082|20231207|VIREMENT 28/01 REF 71208468|0,00|216,70|||20231208||
BQ|Banque|BQ00076|20231016|514000|Cheques postaux|||BQ109372|20231016|VIREMENT 31/01 REF 87187302|268,42|0,00|||20231022||
BQ|Banque|BQ00076|20231016|511000|Valeurs a l'encaissement|||BQ109372|20231016|VIREMENT 31/01 REF 87187302|0,00|268,42|||20231022||
BQ|Banque|BQ00077|20231006|713000|Variation des stocks|||BQ106395|20231006|OPERATION BANCAIRE 21/01|1521,08|0,00|||20231011||
BQ|Banque|BQ00077|20231006|706000|Prestations de services|||BQ106395|20231006|OPERATION BANCAIRE 21/01|0,00|1521,08|||20231011||
BQ|Banque|BQ00078|20230303|765000|Escomptes obtenus|||BQ031580|20230303|OPERATION BANCAIRE 09/01|871,50|0,00|||20230304||
BQ|Banque|BQ00078|20230303|101000|Capital social|||BQ031580|20230303|OPERATION BANCAIRE 09/01|0,00|871,50|||20230304||
BQ|Banque|BQ00079|20230908|781500|Reprises sur provisions pour risques et charges d'exploitation|||BQ097110|20230908|OPERATION BANCAIRE 06/01|268,57|0,00|||20230914||
BQ|Banque|BQ00079|20230908|615600|Maintenance|||BQ097110|20230908|OPERATION BANCAIRE 06/01|0,00|268,57|||20230914||
BQ|Banque|BQ00080|20230908|641000|Remunerations du personnel|||BQ092699|20230908|CB 01/01 FOURNISSEUR|727,47|0,00|||20230909||
BQ|Banque|BQ00080|20230908|427000|Personnel - Oppositions|||BQ092699|20230908|CB 01/01 FOURNISSEUR|0,00|727,47|||20230909||
BQ|Banque|BQ00081|20230505|615500|Entretien et reparations sur biens mobiliers|||BQ054903|20230505|CB 25/02 FOURNISSEUR|1797,02|0,00|||20230508||
BQ|Banque|BQ00081|20230505|416000|Clients douteux|||BQ054903|20230505|CB 25/02 FOURNISSEUR|0,00|1797,02|||20230508||
BQ|Banque|BQ00082|20230324|681120|Dot. amort. sur immo. corporelles|||BQ031873|20230324|CB 08/02 FOURNISSEUR|953,42|0,00|||20230328||
BQ|Banque|BQ00082|20230324|530000|Caisse|||BQ031873|20230324|CB 08/02 FOURNISSEUR|0,00|953,42|||20230328||
BQ|Banque|BQ00083|20230906|658000|Charges diverses de gestion courante|||BQ099715|20230906|CB 05/02 FOURNISSEUR|583,00|0,00|||20230907||
BQ|Banque|BQ00083|20230906|445710|TVA collectee a payer|||BQ099715|20230906|CB 05/02 FOURNISSEUR|0,00|583,00|||20230907||
BQ|Banque|BQ00084|20231004|625600|Missions|||BQ106565|20231004|CB 27/01 FOURNISSEUR|390,49|0,00|||20231005||
BQ|Banque|BQ00084|20231004|514000|Cheques postaux|||BQ106565|20231004|CB 27/01 FOURNISSEUR|0,00|390,49|||20231005||
BQ|Banque|BQ00085|20231024|500000|Valeurs mobilieres de placement|||BQ101509|20231024|VIREMENT 04/02 REF 83709475|219,88|0,00|||20231024||
BQ|Banque|BQ00085|20231024|608500|Frais accessoires d'achat|||BQ101509|20231024|VIREMENT 04/02 REF 83709475|0,00|219,88|||20231024||
BQ|Banque|BQ00086|20230124|512100|Banque secondaire|||BQ015744|20230124|VIREMENT 02/01 REF 81658481|241,15|0,00|||20230126||
BQ|Banque|BQ00086|20230124|601000|Achats de matieres premieres|||BQ015744|20230124|VIREMENT 02/01 REF 81658481|0,00|241,15|||20230126||
BQ|Banque|BQ00087|20230622|687000|Dot. amort. et provisions exceptionnels|||BQ061576|20230622|CB 03/02 FOURNISSEUR|388,10|0,00|||20230625||
BQ|Banque|BQ00087|20230622|425000|Personnel - Avances et acomptes|||BQ061576|20230622|CB 03/02 FOURNISSEUR|0,00|388,10|||20230625||
BQ|Banque|BQ00088|20230728|601000|Achats de matieres premieres|||BQ071518|20230728|CB 19/02 FOURNISSEUR|1650,62|0,00|||20230731||
BQ|Banque|BQ00088|20230728|486000|Charges constatees d'avance|||BQ071518|20230728|CB 19/02 FOURNISSEUR|0,00|1650,62|||20230731||
BQ|Banque|BQ00089|20230313|622600|Honoraires|||OD114585|20230313|CB 14/01 FOURNISSEUR|116,11|0,00|||20230320||
BQ|Banque|BQ00089|20230313|418100|Clients - Factures a etablir|||BQ033189|20230313|CB 14/01 FOURNISSEUR|0,00|116,11|||20230320||
BQ|Banque|BQ00090|20231117|765000|Escomptes obtenus|||BQ117474|20231117|OPERATION BANCAIRE 26/01|1149,85|0,00|||20231118||
BQ|Banque|BQ00090|20231117|514000|Cheques postaux|||BQ117474|20231117|OPERATION BANCAIRE 26/01|0,00|1149,85|||20231118||
BQ|Banque|BQ00091|20230612|627000|Services bancaires et assimiles|||BQ065483|20230612|CB 22/02 FOURNISSEUR|164,90|0,00|||20230612||
BQ|Banque|BQ00091|20230612|518700|Interets courus a recevoir|||BQ065483|20230612|CB 22/02 FOURNISSEUR|0,00|164,90|||20230612||
BQ|Banque|BQ00092|20231018|740000|Subventions d'exploitation|||BQ106923|20231018|OPERATION BANCAIRE 17/01|329,78|0,00|||20231018||
BQ|Banque|BQ00092|20231018|371000|Stock de marchandises|||BQ106923|20231018|OPERATION BANCAIRE 17/01|0,00|329,78|||20231018||
BQ|Banque|BQ00093|20231017|530000|Caisse|||BQ107863|20231017|VIREMENT 24/02 REF 84235774|942,64|0,00|||20231023||
BQ|Banque|BQ00093|20231017|622700|Frais d'actes et de contentieux|||BQ107863|20231017|VIREMENT 24/02 REF 84235774|0,00|942,64|||20231023||
BQ|Banque|BQ00094|20231208|403000|Fournisseurs - Effets a payer|||BQ121956|20231208|OPERATION BANCAIRE 12/01|725,19|0,00|||20231211||
BQ|Banque|BQ00094|20231208|706000|Prestations de services|||BQ121956|20231208|OPERATION BANCAIRE 12/01|0,00|725,19|||20231211||
BQ|Banque|BQ00095|20230725|665000|Escomptes accordes|||BQ078729|20230725|CB 24/02 FOURNISSEUR|1740,65|0,00|||20230726||
BQ|Banque|BQ00095|20230725|416000|Clients douteux|||BQ078729|20230725|CB 24/02 FOURNISSEUR|0,00|1740,65|||20230726||
BQ|Banque|BQ00096|20230213|766000|Gains de change|||BQ026683|20230213|OPERATION BANCAIRE 11/02|1672,99|0,00|||20230218||
BQ|Banque|BQ00096|20230213|106100|Reserve legale|||BQ026683|20230213|OPERATION BANCAIRE 11/02|0,00|1672,99|||20230218||
BQ|Banque|BQ00097|20231108|418100|Clients - Factures a etablir|||BQ116751|20231108|OPERATION BANCAIRE 22/02|439,36|0,00|||20231114||
BQ|Banque|BQ00097|20231108|213100|Constructions - Batiments|||BQ116751|20231108|OPERATION BANCAIRE 22/02|0,00|439,36|||20231114||
BQ|Banque|BQ00098|20230525|665000|Escomptes accordes|||BQ052683|20230525|CB 23/01 FOURNISSEUR|1415,52|0,00|||20230525||
BQ|Banque|BQ00098|20230525|409100|Fournisseurs - Avances et acomptes verses|||BQ052683|20230525|CB 23/01 FOURNISSEUR|0,00|1415,52|||20230525||
BQ|Banque|BQ00099|20230717|602100|Achats de matieres consommables|||BQ079540|20230717|CB 14/01 FOURNISSEUR|1125,55|0,00|||20230723||
BQ|Banque|BQ00099|20230717|419100|Clients - Avances et acomptes recus|||BQ079540|20230717|CB 14/01 FOURNISSEUR|0,00|1125,55|||20230723||
BQ|Banque|BQ00100|20230731|762000|Produits des autres immobilisations financieres|||BQ078357|20230731|OPERATION BANCAIRE 05/02|1425,70|0,00|||20230731||
BQ|Banque|BQ00100|20230731|647000|Autres charges sociales|||BQ078357|20230731|OPERATION BANCAIRE 05/02|0,00|1425,70|||20230731||
BQ|Banque|BQ00101|20230413|601000|Achats de matieres premieres|||BQ041144|20230413|CB 14/01 FOURNISSEUR|1189,85|0,00|||20230416||
BQ|Banque|BQ00101|20230413|416000|Clients douteux|||BQ041144|20230413|CB 14/01 FOURNISSEUR|0,00|1189,85|||20230416||
BQ|Banque|BQ00102|20230921|777000|Quote-part des subventions d'investissement viree au resultat|||BQ094206|20230921|OPERATION BANCAIRE 09/01|493,03|0,00|||20230925||
BQ|Banque|BQ00102|20230921|514000|Cheques postaux|||BQ094206|20230921|OPERATION BANCAIRE 09/01|0,00|493,03|||20230925||
BQ|Banque|BQ00103|20230901|706000|Prestations de services|||BQ095826|20230901|OPERATION BANCAIRE 22/01|924,44|0,00|||20230904||
BQ|Banque|BQ00103|20230901|754000|Ristournes percues des cooperatives|||BQ095826|20230901|OPERATION BANCAIRE 22/01|0,00|924,44|||20230904||
BQ|Banque|BQ00104|20230420|791000|Transferts de charges d'exploitation|||BQ042899|20230420|OPERATION BANCAIRE 11/01|1312,07|0,00|||20230420||
BQ|Banque|BQ00104|20230420|404000|Fournisseurs d'immobilisations|||BQ042899|20230420|OPERATION BANCAIRE 11/01|0,00|1312,07|||20230420||
BQ|Banque|BQ00105|20231124|708500|Ports et frais accessoires factures|||BQ116673|20231124|OPERATION BANCAIRE 03/02|1819,11|0,00|||20231126||
BQ|Banque|BQ00105|20231124|444000|Etat - Impots sur les benefices|||BQ116673|20231124|OPERATION BANCAIRE 03/02|0,00|1819,11|||20231126||
BQ|Banque|BQ00106|20230920|631000|Impots, taxes et versements assimiles sur remunerations|||BQ097858|20230920|CB 02/01 FOURNISSEUR|625,37|0,00|||20230925||
BQ|Banque|BQ00106|20230920|530000|Caisse|||BQ097858|20230920|CB 02/01 FOURNISSEUR|0,00|625,37|||20230925||
BQ|Banque|BQ00107|20230901|648000|Autres charges de personnel|||BQ098149|20230901|CB 04/01 FOURNISSEUR|1494,49|0,00|||20230902||
BQ|Banque|BQ00107|20230901|408400|Fournisseurs d'immobilisations - Factures non parvenues|||BQ098149|20230901|CB 04/01 FOURNISSEUR|0,00|1494,49|||20230902||
BQ|Banque|BQ00108|20230310|615200|Entretien et reparations sur biens immobiliers|||BQ039733|20230310|CB 03/02 FOURNISSEUR|1663,11|0,00|||20230315||
BQ|Banque|BQ00108|20230310|518100|Interets courus a payer|||BQ039733|20230310|CB 03/02 FOURNISSEUR|0,00|1663,11|||20230315||
BQ|Banque|BQ00109|20230505|418100|Clients - Factures a etablir|||BQ054651|20230505|OPERATION BANCAIRE 24/01|512,23|0,00|||20230507||
BQ|Banque|BQ00109|20230505|614000|Charges locatives|||BQ054651|20230505|OPERATION BANCAIRE 24/01|0,00|512,23|||20230507||
BQ|Banque|BQ00110|20230302|707000|Ventes de marchandises|||BQ035543|20230302|OPERATION BANCAIRE 11/02|807,38|0,00|||20230305||
BQ|Banque|BQ00110|20230302|231000|Immobilisations corporelles en cours|||BQ035543|20230302|OPERATION BANCAIRE 11/02|0,00|807,38|||20230305||
BQ|Banque|BQ00111|20230609|601000|Achats de matieres premieres|||BQ067370|20230609|CB 12/01 FOURNISSEUR|1413,38|0,00|||20230615||
BQ|Banque|BQ00111|20230609|401000|Fournisseurs|F00008|TRANSPORT EXPRESS|BQ067370|20230609|CB 12/01 FOURNISSEUR|0,00|1413,38|B3|20231203|20230615||
BQ|Banque|BQ00112|20230202|654000|Pertes sur creances irrecouvrables|||BQ023078|20230202|CB 19/02 FOURNISSEUR|1714,82|0,00|||20230207||
BQ|Banque|BQ00112|20230202|425000|Personnel - Avances et acomptes|||BQ023078|20230202|CB 19/02 FOURNISSEUR|0,00|1714,82|||20230207||
BQ|Banque|BQ00113|20230726|627000|Services bancaires et assimiles|||BQ073281|20230726|CB 26/02 FOURNISSEUR|420,82|0,00|||20230802||
BQ|Banque|BQ00113|20230726|441000|Etat - Impot sur les benefices|||BQ073281|20230726|CB 26/02 FOURNISSEUR|0,00|420,82|||20230802||
BQ|Banque|BQ00114|20230612|708500|Ports et frais accessoires factures|||BQ069007|20230612|OPERATION BANCAIRE 19/01|115,45|0,00|||20230617||
BQ|Banque|BQ00114|20230612|408400|Fournisseurs d'immobilisations - Factures non parvenues|||BQ069007|20230612|OPERATION BANCAIRE 19/01|0,00|115,45|||20230617||
BQ|Banque|BQ00115|20230303|798000|Integration fiscale - Produits|||BQ038162|20230303|OPERATION BANCAIRE 04/02|1738,80|0,00|||20230310||
BQ|Banque|BQ00115|20230303|409100|Fournisseurs - Avances et acomptes verses|||BQ038162|20230303|OPERATION BANCAIRE 04/02|0,00|1738,80|||20230310||
BQ|Banque|BQ00116|20230816|706000|Prestations de services|||BQ084267|20230816|OPERATION BANCAIRE 05/01|899,82|0,00|||20230819||
BQ|Banque|BQ00116|20230816|201000|Frais d'etablissement|||BQ084267|20230816|OPERATION BANCAIRE 05/01|0,00|899,82|||20230819||
BQ|Banque|BQ00117|20230428|628100|Concours divers (cotisations...)|||BQ042270|20230428|CB 07/02 FOURNISSEUR|440,32|0,00|||20230501||
BQ|Banque|BQ00117|20230428|530000|Caisse|||BQ042270|20230428|CB 07/02 FOURNISSEUR|0,00|440,32|||20230501||
BQ|Banque|BQ00118|20231201|601000|Achats de matieres premieres|||BQ124604|20231201|CB 13/02 FOURNISSEUR|123,50|0,00|||20231204||
BQ|Banque|BQ00118|20231201|447100|Autres impots, taxes et versements assimiles|||BQ124604|20231201|CB 13/02 FOURNISSEUR|0,00|123,50|||20231204||
BQ|Banque|BQ00119|20231128|762000|Produits des autres immobilisations financieres|||BQ115211|20231128|OPERATION BANCAIRE 22/01|1320,94|0,00|||20231130||
BQ|Banque|BQ00119|20231202|281840|Amort. mobilier|||BQ115211|20231128|OPERATION BANCAIRE 22/01|0,00|1320,94|||20231130||
CA|Caisse|CA00001|20231109|707000|Ventes de marchandises|||CA114693|20231109|OPERATION DIVERSE 25/01/2025|1987,50|0,00|||20231115||
CA|Caisse|CA00001|20231109|686500|Dot. provisions pour risques et charges financiers|||CA114693|20231109|OPERATION DIVERSE 25/01/2025|0,00|1987,50|||20231115||
CA|Caisse|CA00002|20231030|418100|Clients - Factures a etablir|||CA103722|20231030|OPERATION DIVERSE 15/01/2025|41,04|0,00|||20231104||
CA|Caisse|CA00002|20231030|512000|Banque principale|||CA103722|20231030|OPERATION DIVERSE 15/01/2025|0,00|41,04|||20231104||
CA|Caisse|CA00003|20230609|798000|Integration fiscale - Produits|||CA065973|20230609|OPERATION DIVERSE 17/01/2025|775,68|0,00|||20230613||
CA|Caisse|CA00003|20230609|311000|Matieres premieres|||CA065973|20230609|OPERATION DIVERSE 17/01/2025|0,00|775,68|||20230613||
CA|Caisse|CA00004|20231220|419100|Clients - Avances et acomptes recus|||CA128763|20231220|OPERATION DIVERSE 21/02/2025|551,26|0,00|||20231221||
CA|Caisse|CA00004|20231220|445860|TVA sur factures non parvenues|||CA128763|20231220|OPERATION DIVERSE 21/02/2025|0,00|551,26|||20231221||
CA|Caisse|CA00005|20230607|120000|Resultat de l'exercice|||CA061423|20230607|OPERATION DIVERSE 03/02/2025|939,49|0,00|||20230612||
CA|Caisse|CA00005|20230607|514000|Cheques postaux|||CA061423|20230607|OPERATION DIVERSE 03/02/2025|0,00|939,49|||20230612||
CA|Caisse|CA00006|20230609|416000|Clients douteux|||CA062439|20230609|OPERATION DIVERSE 13/02/2025|379,76|0,00|||20230609||
CA|Caisse|CA00006|20230610|754000|Ristournes percues des cooperatives|||CA062439|20230609|OPERATION DIVERSE 13/02/2025|0,00|379,76|||20230609||
CA|Caisse|CA00007|20230811|445670|TVA collectee|||AC109621|20230811|OPERATION DIVERSE 05/01/2025|102,28|0,00|||20230817||
CA|Caisse|CA00007|20230812|151000|Provisions pour risques|||CA085667|20230811|OPERATION DIVERSE 05/01/2025|0,00|102,28|||20230817||
CA|Caisse|CA00008|20230825|419100|Clients - Avances et acomptes recus|||CA086438|20230825|OPERATION DIVERSE 01/01/2025|896,73|0,00|||20230826||
CA|Caisse|CA00008|20230825|281820|Amort. materiel de transport|||CA086438|20230825|OPERATION DIVERSE 01/01/2025|0,00|896,73|||20230826||
CA|Caisse|CA00009|20230130|401000|Fournisseurs|F00005|BUREAU VERITAS|CA013616|20230130|OPERATION DIVERSE 21/01/2025|9474,21|0,00|||20230204||
CA|Caisse|CA00009|20230130|518100|Interets courus a payer|||CA013616|20230130|OPERATION DIVERSE 21/01/2025|0,00|9474,21|||20230204||
CA|Caisse|CA00010|20231115|131800|Autres subventions d'investissement|||OD127595|20231115|OPERATION DIVERSE 09/02/2025|426,43|0,00|||20231119||
CA|Caisse|CA00010|20231115|487000|Produits constates d'avance|||CA117356|20231115|OPERATION DIVERSE 09/02/2025|0,00|426,43|||20231119||
CA|Caisse|CA00011|20230731|631000|Impots, taxes et versements assimiles sur remunerations|||CA078192|20230731|OPERATION DIVERSE 07/01/2025|1159,37|0,00|||20230805||
CA|Caisse|CA00011|20230731|445710|TVA collectee a payer|||CA078192|20230731|OPERATION DIVERSE 07/01/2025|0,00|1159,37|||20230805||
CA|Caisse|CA00012|20230207|606400|Fournitures administratives|||CA022184|20230207|OPERATION DIVERSE 16/01/2025|831,95|0,00|||20230207||
CA|Caisse|CA00012|20230207|428200|Personnel - Conges payes|||CA022184|20230207|OPERATION DIVERSE 16/01/2025|0,00|831,95|||20230207||
CA|Caisse|CA00013|20230825|281350|Amort. installations generales|||CA085809|20230825|OPERATION DIVERSE 14/01/2025|11697,32|0,00|||20230830||
CA|Caisse|CA00013|20230825|404000|Fournisseurs d'immobilisations|||CA085809|20230825|OPERATION DIVERSE 14/01/2025|0,00|11697,32|||20230830||
CA|Caisse|CA00014|20230327|408400|Fournisseurs d'immobilisations - Factures non parvenues|||CA033428|20230327|OPERATION DIVERSE 06/02/2025|759,38|0,00|||20230331||
CA|Caisse|CA00014|20230327|431000|Securite sociale|||CA033428|20230327|OPERATION DIVERSE 06/02/2025|0,00|759,38|||20230331||
CA|Caisse|CA00015|20231219|765000|Escomptes obtenus|||CA128753|20231219|OPERATION DIVERSE 22/02/2025|1208,77|0,00|||20231225||
CA|Caisse|CA00015|20231219|681740|Dot. provisions sur creances|||CA128753|20231219|OPERATION DIVERSE 22/02/2025|0,00|1208,77|||20231225||
CA|Caisse|CA00016|20230724|635000|Autres impots, taxes et versements assimiles|||CA076027|20230724|OPERATION DIVERSE 09/02/2025|931,98|0,00|||20230727||
CA|Caisse|CA00016|20230724|468600|Charges a payer|||CA076027|20230724|OPERATION DIVERSE 09/02/2025|0,00|931,98|||20230727||
CA|Caisse|CA00017|20230728|281540|Amort. materiel industriel|||CA078880|20230728|OPERATION DIVERSE 26/02/2025|12528,75|0,00|||20230728||
CA|Caisse|CA00017|20230728|512100|Banque secondaire|||CA078880|20230728|OPERATION DIVERSE 26/02/2025|0,00|12528,75|||20230728||
CA|Caisse|CA00018|20230222|201000|Frais d'etablissement|||CA024222|20230222|OPERATION DIVERSE 18/01/2025|2413,63|0,00|||20230226||
CA|Caisse|CA00018|20230222|512000|Banque principale|||CA024222|20230222|OPERATION DIVERSE 18/01/2025|0,00|2413,63|||20230226||
CA|Caisse|CA00019|20230209|625700|Receptions|||CA025525|20230209|OPERATION DIVERSE 08/01/2025|800,41|0,00|||20230209||
CA|Caisse|CA00019|20230209|467000|Autres comptes debiteurs ou crediteurs|||CA025525|20230209|OPERATION DIVERSE 08/01/2025|0,00|800,41|||20230209||
CA|Caisse|CA00020|20230113|213100|Constructions - Batiments|||CA014156|20230113|OPERATION DIVERSE 21/02/2025|9302,97|0,00|||20230115||
CA|Caisse|CA00020|20230114|404000|Fournisseurs d'immobilisations|||CA014156|20230113|OPERATION DIVERSE 21/02/2025|0,00|9302,97|||20230115||
CA|Caisse|CA00021|20231220|231000|Immobilisations corporelles en cours|||CA126650|20231220|OPERATION DIVERSE 25/02/2025|16361,30|0,00|||20231222||
CA|Caisse|CA00021|20231220|512000|Banque principale|||CA126650|20231220|OPERATION DIVERSE 25/02/2025|0,00|16361,30|||20231222||
CA|Caisse|CA00022|20230731|671000|Charges exceptionnelles sur operations de gestion|||CA072718|20230731|OPERATION DIVERSE 10/02/2025|1559,97|0,00|||20230807||
CA|Caisse|CA00022|20230731|408100|Fournisseurs - Factures non parvenues|||CA072718|20230731|OPERATION DIVERSE 10/02/2025|0,00|1559,97|||20230807||
CA|Caisse|CA00023|20230418|764000|Revenus des valeurs mobilieres de placement|||CA047741|20230418|OPERATION DIVERSE 07/01/2025|722,68|0,00|||20230419||
CA|Caisse|CA00023|20230418|218400|Mobilier|||CA047741|20230418|OPERATION DIVERSE 07/01/2025|0,00|722,68|||20230419||
CA|Caisse|CA00024|20230120|796000|Transferts de charges financieres|||CA018905|20230120|OPERATION DIVERSE 06/02/2025|1264,25|0,00|||20230127||
CA|Caisse|CA00024|20230120|467000|Autres comptes debiteurs ou crediteurs|||CA018905|20230120|OPERATION DIVERSE 06/02/2025|0,00|1264,25|||20230127||
CA|Caisse|CA00025|20230421|621000|Personnel exterieur a l'entreprise|||CA046562|20230421|OPERATION DIVERSE 07/01/2025|670,15|0,00|||20230422||
CA|Caisse|CA00025|20230422|401000|Fournisseurs|F00010|ELECTRICITE DE FRANCE|CA046562|20230421|OPERATION DIVERSE 07/01/2025|0,00|670,15|||20230422||
CA|Caisse|CA00026|20231027|666000|Pertes de change|||CA105773|20231027|OPERATION DIVERSE 08/01/2025|961,26|0,00|||20231103||
CA|Caisse|CA00026|20231027|447100|Autres impots, taxes et versements assimiles|||CA105773|20231027|OPERATION DIVERSE 08/01/2025|0,00|961,26|||20231103||
CA|Caisse|CA00027|20230807|625600|Missions|||CA086664|20230807|OPERATION DIVERSE 15/01/2025|376,12|0,00|||20230812||
CA|Caisse|CA00027|20230807|408100|Fournisseurs - Factures non parvenues|||CA086664|20230807|OPERATION DIVERSE 15/01/2025|0,00|376,12|||20230812||
CA|Caisse|CA00028|20231012|397100|Depreciation des stocks de marchandises|||CA105487|20231012|OPERATION DIVERSE 02/02/2025|905,47|0,00|||20231018||
CA|Caisse|CA00028|20231012|311000|Matieres premieres|||CA105487|20231012|OPERATION DIVERSE 02/02/2025|0,00|905,47|||20231018||
CA|Caisse|CA00029|20231113|151000|Provisions pour risques|||CA115817|20231113|OPERATION DIVERSE 27/02/2025|269,08|0,00|||20231118||
CA|Caisse|CA00029|20231113|675000|Valeurs comptables des elements d'actif cedes|||CA115817|20231113|OPERATION DIVERSE 27/02/2025|0,00|269,08|||20231118||
CA|Caisse|CA00030|20230502|623000|Publicite, publications, relations publiques|||CA056569|20230502|OPERATION DIVERSE 06/01/2025|832,03|0,00|||20230502||
CA|Caisse|CA00030|20230502|486000|Charges constatees d'avance|||CA056569|20230502|OPERATION DIVERSE 06/01/2025|0,00|832,03|||20230502||
CA|Caisse|CA00031|20230331|612000|Redevances de credit-bail|||CA032916|20230331|OPERATION DIVERSE 22/02/2025|1773,92|0,00|||20230403||
CA|Caisse|CA00031|20230331|487000|Produits constates d'avance|||CA032916|20230331|OPERATION DIVERSE 22/02/2025|0,00|1773,92|||20230403||
CA|Caisse|CA00032|20230324|633000|Impots, taxes et versements assimiles sur remunerations (autres organismes)|||CA031784|20230324|OPERATION DIVERSE 11/01/2025|167,45|0,00|||20230326||
CA|Caisse|CA00032|20230324|411000|Clients|C00001|CLIENT ALPHA|CA031784|20230324|OPERATION DIVERSE 11/01/2025|0,00|167,45|||20230326||
CA|Caisse|CA00033|20231117|601000|Achats de matieres premieres|||CA116517|20231117|OPERATION DIVERSE 24/01/2025|93,12|0,00|||20231121||
CA|Caisse|CA00033|20231117|517000|Autres organismes financiers|||CA116517|20231117|OPERATION DIVERSE 24/01/2025|0,00|93,12|||20231121||
CA|Caisse|CA00034|20230918|615200|Entretien et reparations sur biens immobiliers|||CA095113|20230918|OPERATION DIVERSE 08/02/2025|1562,21|0,00|||20230918||
CA|Caisse|CA00034|20230918|514000|Cheques postaux|||CA095113|20230918|OPERATION DIVERSE 08/02/2025|0,00|1562,21|||20230918||
CA|Caisse|CA00035|20230901|444000|Etat - Impots sur les benefices|||VE075385|20230901|OPERATION DIVERSE 17/01/2025|448,48|0,00|||20230905||
CA|Caisse|CA00035|20230901|762000|Produits des autres immobilisations financieres|||CA096416|20230901|OPERATION DIVERSE 17/01/2025|0,00|448,48|||20230905||
CA|Caisse|CA00036|20230922|771000|Produits exceptionnels sur operations de gestion|||CA098194|20230922|OPERATION DIVERSE 13/02/2025|414,95|0,00|||20230928||
CA|Caisse|CA00036|20230922|218300|Materiel de bureau et informatique|||CA098194|20230922|OPERATION DIVERSE 13/02/2025|0,00|414,95|||20230928||
CA|Caisse|CA00037|20231128|625600|Missions|||CA114311|20231128|OPERATION DIVERSE 10/02/2025|19,82|0,00|||20231203||
CA|Caisse|CA00037|20231128|590000|Depreciation des valeurs mobilieres de placement|||CA114311|20231128|OPERATION DIVERSE 10/02/2025|0,00|19,82|||20231203||
CA|Caisse|CA00038|20230929|445870|TVA sur factures a etablir|||CA095672|20230929|OPERATION DIVERSE 19/02/2025|304,89|0,00|||20231006||
CA|Caisse|CA00038|20230929|120000|Resultat de l'exercice|||CA095672|20230929|OPERATION DIVERSE 19/02/2025|0,00|304,89|||20231006||
CA|Caisse|CA00039|20231013|231000|Immobilisations corporelles en cours|||CA109714|20231013|OPERATION DIVERSE 07/02/2025|10408,40|0,00|||20231017||
CA|Caisse|CA00039|20231013|512100|Banque secondaire|||CA109714|20231013|OPERATION DIVERSE 07/02/2025|0,00|10408,40|||20231017||
CA|Caisse|CA00040|20230823|213100|Constructions - Batiments|||CA087312|20230823|OPERATION DIVERSE 15/01/2025|19188,73|0,00|||20230829||
CA|Caisse|CA00040|20230823|512100|Banque secondaire|||CA087312|20230823|OPERATION DIVERSE 15/01/2025|0,00|19188,73|||20230829||
CA|Caisse|CA00041|20230510|350000|Produits finis|||CA052588|20230510|OPERATION DIVERSE 02/01/2025|155,44|0,00|||20230510||
CA|Caisse|CA00041|20230510|131800|Autres subventions d'investissement|||CA052588|20230510|OPERATION DIVERSE 02/01/2025|0,00|155,44|||20230510||
CA|Caisse|CA00042|20230811|758000|Produits divers de gestion courante|||CA083069|20230811|OPERATION DIVERSE 11/01/2025|1445,00|0,00|||20230812||
CA|Caisse|CA00042|20230811|419100|Clients - Avances et acomptes recus|||CA083069|20230811|OPERATION DIVERSE 11/01/2025|0,00|1445,00|||20230812||
CA|Caisse|CA00043|20231109|618500|Frais de colloques, seminaires, conferences|||CA119737|20231109|OPERATION DIVERSE 13/02/2025|1064,88|0,00|||20231114||
CA|Caisse|CA00043|20231109|445860|TVA sur factures non parvenues|||CA119737|20231109|OPERATION DIVERSE 13/02/2025|0,00|1064,88|||20231114||
CA|Caisse|CA00044|20231006|445510|TVA a decaisser|||CA101786|20231006|OPERATION DIVERSE 03/02/2025|939,39|0,00|||20231012||
CA|Caisse|CA00044|20231006|218400|Mobilier|||CA101786|20231006|OPERATION DIVERSE 03/02/2025|0,00|939,39|||20231012||
CA|Caisse|CA00045|20230809|633000|Impots, taxes et versements assimiles sur remunerations (autres organismes)|||CA088644|20230809|OPERATION DIVERSE 13/02/2025|1151,85|0,00|||20230811||
CA|Caisse|CA00045|20230809|445670|TVA collectee|||CA088644|20230809|OPERATION DIVERSE 13/02/2025|0,00|1151,85|||20230811||
CA|Caisse|CA00046|20230803|720000|Production immobilisee|||CA082868|20230803|OPERATION DIVERSE 15/01/2025|102,97|0,00|||20230810||
CA|Caisse|CA00046|20230803|664000|Pertes sur cessions de valeurs mobilieres de placement|||CA082868|20230803|OPERATION DIVERSE 15/01/2025|0,00|102,97|||20230810||
CA|Caisse|CA00047|20231222|625700|Receptions|||CA122775|20231222|OPERATION DIVERSE 16/02/2025|219,34|0,00|||20231222||
CA|Caisse|CA00047|20231222|455000|Associes - Comptes courants|||CA122775|20231222|OPERATION DIVERSE 16/02/2025|0,00|219,34|||20231222||
CA|Caisse|CA00048|20230526|758000|Produits divers de gestion courante|||CA056099|20230526|OPERATION DIVERSE 25/01/2025|941,46|0,00|||20230528||
CA|Caisse|CA00048|20230526|355000|Produits finis (groupe)|||CA056099|20230526|OPERATION DIVERSE 25/01/2025|0,00|941,46|||20230528||
CA|Caisse|CA00049|20230929|370000|Marchandises|||CA092988|20230929|OPERATION DIVERSE 23/01/2025|20,39|0,00|||20230929||
CA|Caisse|CA00049|20230929|681110|Dot. amort. sur immo. incorporelles|||CA092988|20230929|OPERATION DIVERSE 23/01/2025|0,00|20,39|||20230929||
CA|Caisse|CA00050|20230825|625600|Missions|||CA082022|20230825|OPERATION DIVERSE 27/02/2025|394,99|0,00|||20230830||
CA|Caisse|CA00050|20230825|445660|TVA deductible sur ABS|||CA082022|20230825|OPERATION DIVERSE 27/02/2025|0,00|394,99|||20230830||
CA|Caisse|CA00051|20230609|486000|Charges constatees d'avance|||CA068960|20230609|OPERATION DIVERSE 06/01/2025|158,86|0,00|||20230615||
CA|Caisse|CA00051|20230609|355000|Produits finis (groupe)|||CA068960|20230609|OPERATION DIVERSE 06/01/2025|0,00|158,86|||20230615||
CA|Caisse|CA00052|20231215|205000|Logiciels|||CA129463|20231215|OPERATION DIVERSE 11/01/2025|14251,98|0,00|||20231222||
CA|Caisse|CA00052|20231215|404000|Fournisseurs d'immobilisations|||CA129463|20231215|OPERATION DIVERSE 11/01/2025|0,00|14251,98|||20231222||
CA|Caisse|CA00053|20230118|713000|Variation des stocks|||CA017874|20230118|OPERATION DIVERSE 11/01/2025|1391,32|0,00|||20230121||
CA|Caisse|CA00053|20230118|350000|Produits finis|||CA017874|20230118|OPERATION DIVERSE 11/01/2025|0,00|1391,32|||20230121||
CA|Caisse|CA00054|20230630|681120|Dot. amort. sur immo. corporelles|||CA068120|20230630|OPERATION DIVERSE 01/01/2025|1807,62|0,00|||20230703||
CA|Caisse|CA00054|20230630|445520|TVA due intracommunautaire|||CA068120|20230630|OPERATION DIVERSE 01/01/2025|0,00|1807,62|||20230703||
CA|Caisse|CA00055|20230720|213500|Installations generales, agencements|||CA079556|20230720|OPERATION DIVERSE 20/02/2025|13717,04|0,00|||20230720||
CA|Caisse|CA00055|20230720|404000|Fournisseurs d'immobilisations|||CA079556|20230720|OPERATION DIVERSE 20/02/2025|0,00|13717,04|||20230720||
CA|Caisse|CA00056|20230515|621000|Personnel exterieur a l'entreprise|||CA059389|20230515|OPERATION DIVERSE 07/01/2025|1539,65|0,00|||20230519||
CA|Caisse|CA00056|20230515|441000|Etat - Impot sur les benefices|||CA059389|20230515|OPERATION DIVERSE 07/01/2025|0,00|1539,65|||20230519||
CA|Caisse|CA00057|20230523|416000|Clients douteux|||CA054647|20230523|OPERATION DIVERSE 04/02/2025|666,06|0,00|||20230530||
CA|Caisse|CA00057|20230523|658000|Charges diverses de gestion courante|||CA054647|20230523|OPERATION DIVERSE 04/02/2025|0,00|666,06|||20230530||
CA|Caisse|CA00058|20230823|648000|Autres charges de personnel|||CA089250|20230823|OPERATION DIVERSE 20/02/2025|719,12|0,00|||20230826||
CA|Caisse|CA00058|20230823|445510|TVA a decaisser|||CA089250|20230823|OPERATION DIVERSE 20/02/2025|0,00|719,12|||20230826||
CA|Caisse|CA00059|20230714|281830|Amort. materiel de bureau|||CA073922|20230714|OPERATION DIVERSE 04/01/2025|8353,99|0,00|||20230721||
CA|Caisse|CA00059|20230714|512000|Banque principale|||CA073922|20230714|OPERATION DIVERSE 04/01/2025|0,00|8353,99|||20230721||
CA|Caisse|CA00060|20230126|791000|Transferts de charges d'exploitation|||CA015566|20230126|OPERATION DIVERSE 19/01/2025|843,00|0,00|||20230127||
CA|Caisse|CA00060|20230126|445660|TVA deductible sur ABS|||CA015566|20230126|OPERATION DIVERSE 19/01/2025|0,00|843,00|||20230127||
CA|Caisse|CA00061|20230725|418100|Clients - Factures a etablir|||CA074860|20230725|OPERATION DIVERSE 09/02/2025|876,10|0,00|||20230730||
CA|Caisse|CA00061|20230725|101000|Capital social|||CA074860|20230725|OPERATION DIVERSE 09/02/2025|0,00|876,10|||20230730||
CA|Caisse|CA00062|20231101|205000|Logiciels|||CA117884|20231101|OPERATION DIVERSE 07/02/2025|6147,68|0,00|||20231108||
CA|Caisse|CA00062|20231101|404000|Fournisseurs d'immobilisations|||CA117884|20231101|OPERATION DIVERSE 07/02/2025|0,00|6147,68|||20231108||
CA|Caisse|CA00063|20230728|615500|Entretien et reparations sur biens mobiliers|||CA073172|20230728|OPERATION DIVERSE 24/02/2025|170,35|0,00|||20230731||
CA|Caisse|CA00063|20230728|445870|TVA sur factures a etablir|||CA073172|20230728|OPERATION DIVERSE 24/02/2025|0,00|170,35|||20230731||
CA|Caisse|CA00064|20230609|720000|Production immobilisee|||CA067878|20230609|OPERATION DIVERSE 25/01/2025|541,10|0,00|||20230611||
CA|Caisse|CA00064|20230609|708500|Ports et frais accessoires factures|||CA067878|20230609|OPERATION DIVERSE 25/01/2025|0,00|541,10|||20230611||
CA|Caisse|CA00065|20230420|628100|Concours divers (cotisations...)|||CA042807|20230420|OPERATION DIVERSE 30/01/2025|1713,87|0,00|||20230422||
CA|Caisse|CA00065|20230420|425000|Personnel - Avances et acomptes|||CA042807|20230420|OPERATION DIVERSE 30/01/2025|0,00|1713,87|||20230422||
CA|Caisse|CA00066|20230915|602200|Achats de fournitures consommables|||CA098525|20230915|OPERATION DIVERSE 01/02/2025|1493,46|0,00|||20230921||
CA|Caisse|CA00066|20230915|500000|Valeurs mobilieres de placement|||CA098525|20230915|OPERATION DIVERSE 01/02/2025|0,00|1493,46|||20230921||
CA|Caisse|CA00067|20230927|665000|Escomptes accordes|||CA094184|20230927|OPERATION DIVERSE 09/02/2025|418,46|0,00|||20231001||
CA|Caisse|CA00067|20230927|508000|Interets courus sur VMP|||CA094184|20230927|OPERATION DIVERSE 09/02/2025|0,00|418,46|||20231001||
CA|Caisse|CA00068|20230519|281350|Amort. installations generales|||CA059126|20230519|OPERATION DIVERSE 17/02/2025|4689,23|0,00|||20230521||
CA|Caisse|CA00068|20230519|512100|Banque secondaire|||CA059126|20230519|OPERATION DIVERSE 17/02/2025|0,00|4689,23|||20230521||
CA|Caisse|CA00069|20230804|201000|Frais d'etablissement|||CA083332|20230804|OPERATION DIVERSE 10/01/2025|12046,74|0,00|||20230804||
CA|Caisse|CA00069|20230804|512000|Banque principale|||CA083332|20230804|OPERATION DIVERSE 10/01/2025|0,00|12046,74|||20230804||
CA|Caisse|CA00070|20230628|720000|Production immobilisee|||CA065587|20230628|OPERATION DIVERSE 22/02/2025|1261,89|0,00|||20230703||
CA|Caisse|CA00070|20230628|280500|Amort. logiciels|||CA065587|20230628|OPERATION DIVERSE 22/02/2025|0,00|1261,89|||20230703||
CA|Caisse|CA00071|20230414|207000|Fonds commercial|||CA041374|20230414|OPERATION DIVERSE 02/02/2025|4194,37|0,00|||20230417||
CA|Caisse|CA00071|20230414|512100|Banque secondaire|||CA041374|20230414|OPERATION DIVERSE 02/02/2025|0,00|4194,37|||20230417||
CA|Caisse|CA00072|20231204|517000|Autres organismes financiers|||CA129404|20231204|OPERATION DIVERSE 05/01/2025|964,12|0,00|||20231206||
CA|Caisse|CA00072|20231204|606300|Fournitures d'entretien et petit equipement|||CA129404|20231204|OPERATION DIVERSE 05/01/2025|0,00|964,12|||20231206||
CA|Caisse|CA00073|20231121|580000|Virements internes|||CA114707|20231121|OPERATION DIVERSE 07/02/2025|140,29|0,00|||20231124||
CA|Caisse|CA00073|20231121|618100|Documentation generale|||CA114707|20231121|OPERATION DIVERSE 07/02/2025|0,00|140,29|||20231124||
CA|Caisse|CA00074|20231124|616000|Primes d'assurance|||CA115596|20231124|OPERATION DIVERSE 04/01/2025|696,00|0,00|||20231201||
CA|Caisse|CA00074|20231124|445870|TVA sur factures a etablir|||CA115596|20231124|OPERATION DIVERSE 04/01/2025|0,00|696,00|||20231201||
CA|Caisse|CA00075|20230106|205000|Logiciels|||CA014014|20230106|OPERATION DIVERSE 11/01/2025|14976,57|0,00|||20230109||
CA|Caisse|CA00075|20230106|404000|Fournisseurs d'immobilisations|||CA014014|20230106|OPERATION DIVERSE 11/01/2025|0,00|14976,57|||20230109||
CA|Caisse|CA00076|20230502|164000|Emprunts aupres des etablissements de credit|||CA054049|20230502|OPERATION DIVERSE 16/02/2025|326,60|0,00|||20230506||
CA|Caisse|CA00076|20230502|633000|Impots, taxes et versements assimiles sur remunerations (autres organismes)|||CA054049|20230502|OPERATION DIVERSE 16/02/2025|0,00|326,60|||20230506||
CA|Caisse|CA00077|20230111|321000|Matieres consommables|||CA019632|20230111|OPERATION DIVERSE 18/01/2025|114,00|0,00|||20230118||
CA|Caisse|CA00077|20230111|601000|Achats de matieres premieres|||CA019632|20230111|OPERATION DIVERSE 18/01/2025|0,00|114,00|||20230118||
CA|Caisse|CA00078|20230727|612000|Redevances de credit-bail|||CA074902|20230727|OPERATION DIVERSE 14/01/2025|348,81|0,00|||20230802||
CA|Caisse|CA00078|20230727|427000|Personnel - Oppositions|||CA074902|20230727|OPERATION DIVERSE 14/01/2025|0,00|348,81|||20230802||
CA|Caisse|CA00079|20230317|106800|Autres reserves|||CA037059|20230317|OPERATION DIVERSE 12/01/2025|298,79|0,00|||20230321||
CA|Caisse|CA00079|20230317|518700|Interets courus a recevoir|||CA037059|20230317|OPERATION DIVERSE 12/01/2025|0,00|298,79|||20230321||
CA|Caisse|CA00080|20230706|427000|Personnel - Oppositions|||CA071748|20230706|OPERATION DIVERSE 29/01/2025|471,41|0,00|||20230712||
CA|Caisse|CA00080|20230706|608500|Frais accessoires d'achat|||CA071748|20230706|OPERATION DIVERSE 29/01/2025|0,00|471,41|||20230712||
CA|Caisse|CA00081|20230626|602100|Achats de matieres consommables|||CA062511|20230626|OPERATION DIVERSE 21/02/2025|115,34|0,00|||20230628||
CA|Caisse|CA00081|20230626|445670|TVA collectee|||CA062511|20230626|OPERATION DIVERSE 21/02/2025|0,00|115,34|||20230628||
CA|Caisse|CA00082|20230706|231000|Immobilisations corporelles en cours|||CA073873|20230706|OPERATION DIVERSE 22/01/2025|7192,94|0,00|||20230709||
CA|Caisse|CA00082|20230706|512000|Banque principale|||CA073873|20230706|OPERATION DIVERSE 22/01/2025|0,00|7192,94|||20230709||
CA|Caisse|CA00083|20230303|311000|Matieres premieres|||CA031494|20230303|OPERATION DIVERSE 26/01/2025|149,88|0,00|||20230306||
CA|Caisse|CA00083|20230303|606800|Autres matieres et fournitures|||CA031494|20230303|OPERATION DIVERSE 26/01/2025|0,00|149,88|||20230306||
CA|Caisse|CA00084|20231109|664000|Pertes sur cessions de valeurs mobilieres de placement|||CA118362|20231109|OPERATION DIVERSE 07/02/2025|1819,00|0,00|||20231113||
CA|Caisse|CA00084|20231109|413000|Clients - Effets a recevoir|||CA118362|20231109|OPERATION DIVERSE 07/02/2025|0,00|1819,00|||20231113||
CA|Caisse|CA00085|20230301|445710|TVA collectee a payer|||CA033566|20230301|OPERATION DIVERSE 09/02/2025|822,42|0,00|||20230304||
CA|Caisse|CA00085|20230301|615600|Maintenance|||CA033566|20230301|OPERATION DIVERSE 09/02/2025|0,00|822,42|||20230304||
CA|Caisse|CA00086|20230821|218200|Materiel de transport|||CA084693|20230821|OPERATION DIVERSE 14/02/2025|19464,65|0,00|||20230825||
CA|Caisse|CA00086|20230821|512100|Banque secondaire|||CA084693|20230821|OPERATION DIVERSE 14/02/2025|0,00|19464,65|||20230825||
CA|Caisse|CA00087|20230406|530000|Caisse|||OD101192|20230406|OPERATION DIVERSE 04/01/2025|526,05|0,00|||20230407||
CA|Caisse|CA00087|20230406|633000|Impots, taxes et versements assimiles sur remunerations (autres organismes)|||CA044833|20230406|OPERATION DIVERSE 04/01/2025|0,00|526,05|||20230407||
CA|Caisse|CA00088|20230209|706000|Prestations de services|||CA025115|20230209|OPERATION DIVERSE 24/01/2025|594,63|0,00|||20230214||
CA|Caisse|CA00088|20230209|623400|Cadeaux a la clientele|||CA025115|20230209|OPERATION DIVERSE 24/01/2025|0,00|594,63|||20230214||
CA|Caisse|CA00089|20230317|623400|Cadeaux a la clientele|||CA037288|20230317|OPERATION DIVERSE 30/01/2025|1991,76|0,00|||20230322||
CA|Caisse|CA00089|20230317|445710|TVA collectee a payer|||CA037288|20230317|OPERATION DIVERSE 30/01/2025|0,00|1991,76|||20230322||
CA|Caisse|CA00090|20231117|613200|Locations immobilieres|||CA116068|20231117|OPERATION DIVERSE 22/01/2025|1445,58|0,00|||20231122||
CA|Caisse|CA00090|20231117|427000|Personnel - Oppositions|||CA116068|20231117|OPERATION DIVERSE 22/01/2025|0,00|1445,58|||20231122||
CA|Caisse|CA00091|20230721|707000|Ventes de marchandises|||CA079788|20230721|OPERATION DIVERSE 27/01/2025|1329,73|0,00|||20230727||
CA|Caisse|CA00091|20230721|765000|Escomptes obtenus|||CA079788|20230721|OPERATION DIVERSE 27/01/2025|0,00|1329,73|||20230727||
CA|Caisse|CA00092|20230502|441000|Etat - Impot sur les benefices|||CA051982|20230502|OPERATION DIVERSE 10/01/2025|710,17|0,00|||20230504||
CA|Caisse|CA00092|20230502|350000|Produits finis|||CA051982|20230502|OPERATION DIVERSE 10/01/2025|0,00|710,17|||20230504||
CA|Caisse|CA00093|20230922|350000|Produits finis|||CA096409|20230922|OPERATION DIVERSE 19/01/2025|195,97|0,00|||20230929||
CA|Caisse|CA00093|20230922|455000|Associes - Comptes courants|||CA096409|20230922|OPERATION DIVERSE 19/01/2025|0,00|195,97|||20230929||
CA|Caisse|CA00094|20230106|413000|Clients - Effets a recevoir|||CA017289|20230106|OPERATION DIVERSE 17/02/2025|894,76|0,00|||20230108||
CA|Caisse|CA00094|20230106|648000|Autres charges de personnel|||CA017289|20230106|OPERATION DIVERSE 17/02/2025|0,00|894,76|||20230108||
CA|Caisse|CA00095|20230714|767000|Produits nets sur cessions de valeurs mobilieres de placement|||CA073813|20230714|OPERATION DIVERSE 25/01/2025|1529,68|0,00|||20230719||
CA|Caisse|CA00095|20230714|441000|Etat - Impot sur les benefices|||CA073813|20230714|OPERATION DIVERSE 25/01/2025|0,00|1529,68|||20230719||
CA|Caisse|CA00096|20230504|511000|Valeurs a l'encaissement|||CA055166|20230504|OPERATION DIVERSE 08/02/2025|83,08|0,00|||20230505||
CA|Caisse|CA00096|20230504|165000|Depots et cautionnements recus|||CA055166|20230504|OPERATION DIVERSE 08/02/2025|0,00|83,08|||20230505||
CA|Caisse|CA00097|20230505|766000|Gains de change|||CA058532|20230505|OPERATION DIVERSE 12/02/2025|1922,15|0,00|||20230506||
CA|Caisse|CA00097|20230505|151000|Provisions pour risques|||CA058532|20230505|OPERATION DIVERSE 12/02/2025|0,00|1922,15|||20230506||
CA|Caisse|CA00098|20230710|713000|Variation des stocks|||CA074648|20230710|OPERATION DIVERSE 21/01/2025|752,15|0,00|||20230712||
CA|Caisse|CA00098|20230715|671000|Charges exceptionnelles sur operations de gestion|||CA074648|20230710|OPERATION DIVERSE 21/01/2025|0,00|752,15|||20230712||
CA|Caisse|CA00099|20230130|281840|Amort. mobilier|||CA015699|20230130|OPERATION DIVERSE 08/02/2025|6500,86|0,00|||20230203||
CA|Caisse|CA00099|20230130|404000|Fournisseurs d'immobilisations|||CA015699|20230130|OPERATION DIVERSE 08/02/2025|0,00|6500,86|||20230203||
CA|Caisse|CA00100|20230405|606400|Fournitures administratives|||CA044515|20230405|OPERATION DIVERSE 10/01/2025|1617,32|0,00|||20230407||
CA|Caisse|CA00100|20230405|455000|Associes - Comptes courants|||CA044515|20230405|OPERATION DIVERSE 10/01/2025|0,00|1617,32|||20230407||
CA|Caisse|CA00101|20231012|518100|Interets courus a payer|||CA103234|20231012|OPERATION DIVERSE 10/02/2025|966,84|0,00|||20231012||
CA|Caisse|CA00101|20231012|218300|Materiel de bureau et informatique|||CA103234|20231012|OPERATION DIVERSE 10/02/2025|0,00|966,84|||20231012||
CA|Caisse|CA00102|20231201|451000|Groupe|||AC022938|20231201|OPERATION DIVERSE 17/02/2025|593,12|0,00|||20231206||
CA|Caisse|CA00102|20231201|355000|Produits finis (groupe)|||CA126326|20231201|OPERATION DIVERSE 17/02/2025|0,00|593,12|||20231206||
CA|Caisse|CA00103|20231103|403000|Fournisseurs - Effets a payer|||CA117523|20231103|OPERATION DIVERSE 07/01/2025|984,65|0,00|||20231105||
CA|Caisse|CA00103|20231103|641000|Remunerations du personnel|||CA117523|20231103|OPERATION DIVERSE 07/01/2025|0,00|984,65|||20231105||
CA|Caisse|CA00104|20230908|608500|Frais accessoires d'achat|||CA097264|20230908|OPERATION DIVERSE 25/01/2025|680,46|0,00|||20230912||
CA|Caisse|CA00104|20230908|416000|Clients douteux|||CA097264|20230908|OPERATION DIVERSE 25/01/2025|0,00|680,46|||20230912||
CA|Caisse|CA00105|20230829|281810|Amort. installations generales|||CA084587|20230829|OPERATION DIVERSE 01/02/2025|5377,92|0,00|||20230904||
CA|Caisse|CA00105|20230829|512100|Banque secondaire|||CA084587|20230829|OPERATION DIVERSE 01/02/2025|0,00|5377,92|||20230904||
CA|Caisse|CA00106|20230623|645000|Charges de securite sociale et de prevoyance|||CA064018|20230623|OPERATION DIVERSE 04/01/2025|1079,09|0,00|||20230625||
CA|Caisse|CA00106|20230623|467000|Autres comptes debiteurs ou crediteurs|||CA064018|20230623|OPERATION DIVERSE 04/01/2025|0,00|1079,09|||20230625||
CA|Caisse|CA00107|20231103|791000|Transferts de charges d'exploitation|||CA112174|20231103|OPERATION DIVERSE 05/02/2025|1698,72|0,00|||20231110||
CA|Caisse|CA00107|20231103|168800|Interets courus sur emprunts|||CA112174|20231103|OPERATION DIVERSE 05/02/2025|0,00|1698,72|||20231110||
CA|Caisse|CA00108|20230511|681500|Dot. provisions pour risques et charges d'exploitation|||CA051636|20230511|OPERATION DIVERSE 23/01/2025|1489,33|0,00|||20230511||
CA|Caisse|CA00108|20230511|445710|TVA collectee a payer|||CA051636|20230511|OPERATION DIVERSE 23/01/2025|0,00|1489,33|||20230511||
CA|Caisse|CA00109|20230816|706000|Prestations de services|||CA088109|20230816|OPERATION DIVERSE 13/01/2025|483,58|0,00|||20230817||
CA|Caisse|CA00109|20230816|441000|Etat - Impot sur les benefices|||CA088109|20230816|OPERATION DIVERSE 13/01/2025|0,00|483,58|||20230817||
CA|Caisse|CA00110|20230629|796000|Transferts de charges financieres|||CA063185|20230629|OPERATION DIVERSE 22/01/2025|1538,04|0,00|||20230630||
CA|Caisse|CA00110|20230629|686500|Dot. provisions pour risques et charges financiers|||CA063185|20230629|OPERATION DIVERSE 22/01/2025|0,00|1538,04|||20230630||
CA|Caisse|CA00111|20231229|500000|Valeurs mobilieres de placement|||CA123636|20231229|OPERATION DIVERSE 09/02/2025|972,94|0,00|||20231229||
CA|Caisse|CA00111|20231229|606100|Electricite, gaz, eau|||CA123636|20231229|OPERATION DIVERSE 09/02/2025|0,00|972,94|||20231229||
CA|Caisse|CA00112|20230725|413000|Clients - Effets a recevoir|||CA073775|20230725|OPERATION DIVERSE 16/02/2025|541,38|0,00|||20230730||
CA|Caisse|CA00112|20230725|628100|Concours divers (cotisations...)|||CA073775|20230725|OPERATION DIVERSE 16/02/2025|0,00|541,38|||20230730||
CA|Caisse|CA00113|20230919|796000|Transferts de charges financieres|||CA092960|20230919|OPERATION DIVERSE 13/01/2025|51,22|0,00|||20230926||
CA|Caisse|CA00113|20230919|218200|Materiel de transport|||CA092960|20230919|OPERATION DIVERSE 13/01/2025|0,00|51,22|||20230926||
CA|Caisse|CA00114|20230913|606400|Fournitures administratives|||CA095842|20230913|OPERATION DIVERSE 30/01/2025|1748,59|0,00|||20230914||
CA|Caisse|CA00114|20230913|491000|Depreciation des comptes clients|||CA095842|20230913|OPERATION DIVERSE 30/01/2025|0,00|1748,59|||20230914||
CA|Caisse|CA00115|20230526|709000|Rabais, remises et ristournes accordes|||CA055520|20230526|OPERATION DIVERSE 07/02/2025|706,80|0,00|||20230527||
CA|Caisse|CA00115|20230526|408400|Fournisseurs d'immobilisations - Factures non parvenues|||CA055520|20230526|OPERATION DIVERSE 07/02/2025|0,00|706,80|||20230527||
CA|Caisse|CA00116|20230118|651000|Redevances pour concessions, brevets, licences, etc.|||CA014260|20230118|OPERATION DIVERSE 01/01/2025|1180,15|0,00|||20230119||
CA|Caisse|CA00116|20230118|441000|Etat - Impot sur les benefices|||CA014260|20230118|OPERATION DIVERSE 01/01/2025|0,00|1180,15|||20230119||
CA|Caisse|CA00117|20230707|205000|Logiciels|||CA076422|20230707|OPERATION DIVERSE 20/02/2025|2163,17|0,00|||20230711||
CA|Caisse|CA00117|20230707|404000|Fournisseurs d'immobilisations|||CA076422|20230707|OPERATION DIVERSE 20/02/2025|0,00|2163,17|||20230711||
CA|Caisse|CA00118|20230928|517000|Autres organismes financiers|||CA093283|20230928|OPERATION DIVERSE 25/01/2025|983,85|0,00|||20230929||
CA|Caisse|CA00118|20230928|602200|Achats de fournitures consommables|||CA093283|20230928|OPERATION DIVERSE 25/01/2025|0,00|983,85|||20230929||
CA|Caisse|CA00119|20230922|419100|Clients - Avances et acomptes recus|||CA099375|20230922|OPERATION DIVERSE 10/01/2025|21,45|0,00|||20230925||
CA|Caisse|CA00119|20230922|665000|Escomptes accordes|||CA099375|20230922|OPERATION DIVERSE 10/01/2025|0,00|21,45|||20230925||
CA|Caisse|CA00120|20230518|281350|Amort. installations generales|||CA056645|20230518|OPERATION DIVERSE 30/01/2025|19051,79|0,00|||20230522||
CA|Caisse|CA00120|20230518|512100|Banque secondaire|||CA056645|20230518|OPERATION DIVERSE 30/01/2025|0,00|19051,79|||20230522||
CA|Caisse|CA00121|20231012|781500|Reprises sur provisions pour risques et charges d'exploitation|||CA108205|20231012|OPERATION DIVERSE 13/02/2025|1732,17|0,00|||20231017||
CA|Caisse|CA00121|20231012|623000|Publicite, publications, relations publiques|||CA108205|20231012|OPERATION DIVERSE 13/02/2025|0,00|1732,17|||20231017||
CA|Caisse|CA00122|20230313|786500|Reprises sur provisions pour risques et charges financiers|||CA031183|20230313|OPERATION DIVERSE 08/01/2025|186,43|0,00|||20230314||
CA|Caisse|CA00122|20230313|623400|Cadeaux a la clientele|||CA031183|20230313|OPERATION DIVERSE 08/01/2025|0,00|186,43|||20230314||
CA|Caisse|CA00123|20231016|635000|Autres impots, taxes et versements assimiles|||CA109268|20231016|OPERATION DIVERSE 11/02/2025|898,07|0,00|||20231023||
CA|Caisse|CA00123|20231016|508000|Interets courus sur VMP|||CA109268|20231016|OPERATION DIVERSE 11/02/2025|0,00|898,07|||20231023||
CA|Caisse|CA00124|20230331|758000|Produits divers de gestion courante|||CA033416|20230331|OPERATION DIVERSE 11/01/2025|1327,16|0,00|||20230402||
CA|Caisse|CA00124|20230331|168800|Interets courus sur emprunts|||CA033416|20230331|OPERATION DIVERSE 11/01/2025|0,00|1327,16|||20230402||
CA|Caisse|CA00125|20230209|370000|Marchandises|||CA022741|20230209|OPERATION DIVERSE 23/02/2025|305,34|0,00|||20230213||
CA|Caisse|CA00125|20230209|106100|Reserve legale|||CA022741|20230209|OPERATION DIVERSE 23/02/2025|0,00|305,34|||20230213||
CA|Caisse|CA00126|20230814|621000|Personnel exterieur a l'entreprise|||CA087776|20230814|OPERATION DIVERSE 08/01/2025|344,04|0,00|||20230815||
CA|Caisse|CA00126|20230814|445670|TVA collectee|||CA087776|20230814|OPERATION DIVERSE 08/01/2025|0,00|344,04|||20230815||
CA|Caisse|CA00127|20230908|691000|Participation des salaries aux resultats|||CA095817|20230908|OPERATION DIVERSE 27/01/2025|1923,55|0,00|||20230910||
CA|Caisse|CA00127|20230908|451000|Groupe|||CA095817|20230908|OPERATION DIVERSE 27/01/2025|0,00|1923,55|||20230910||
CA|Caisse|CA00128|20230320|796000|Transferts de charges financieres|||CA031414|20230320|OPERATION DIVERSE 30/01/2025|1884,02|0,00|||20230321||
CA|Caisse|CA00128|20230320|213100|Constructions - Batiments|||CA031414|20230320|OPERATION DIVERSE 30/01/2025|0,00|1884,02|||20230321||
CA|Caisse|CA00129|20230522|681120|Dot. amort. sur immo. corporelles|||CA059220|20230522|OPERATION DIVERSE 11/02/2025|1463,99|0,00|||20230522||
CA|Caisse|CA00129|20230522|518100|Interets courus a payer|||CA059220|20230522|OPERATION DIVERSE 11/02/2025|0,00|1463,99|||20230522||
CA|Caisse|CA00130|20230518|218100|Installations generales, agencements divers|||CA051784|20230518|OPERATION DIVERSE 11/01/2025|17047,62|0,00|||20230525||
CA|Caisse|CA00130|20230518|512000|Banque principale|||CA051784|20230518|OPERATION DIVERSE 11/01/2025|0,00|17047,62|||20230525||
CA|Caisse|CA00131|20230526|164000|Emprunts aupres des etablissements de credit|||CA051050|20230526|OPERATION DIVERSE 05/01/2025|122,29|0,00|||20230602||
CA|Caisse|CA00131|20230526|661000|Charges d'interets|||CA051050|20230526|OPERATION DIVERSE 05/01/2025|0,00|122,29|||20230602||
CA|Caisse|CA00132|20230313|623400|Cadeaux a la clientele|||CA032243|20230313|OPERATION DIVERSE 13/02/2025|319,17|0,00|||20230318||
CA|Caisse|CA00132|20230313|518700|Interets courus a recevoir|||CA032243|20230313|OPERATION DIVERSE 13/02/2025|0,00|319,17|||20230318||
CA|Caisse|CA00133|20230224|428200|Personnel - Conges payes|||CA024362|20230224|OPERATION DIVERSE 08/02/2025|381,60|0,00|||20230225||
CA|Caisse|CA00133|20230224|518700|Interets courus a recevoir|||CA024362|20230224|OPERATION DIVERSE 08/02/2025|0,00|381,60|||20230225||
CA|Caisse|CA00134|20230301|641000|Remunerations du personnel|||CA039031|20230301|OPERATION DIVERSE 01/02/2025|1476,79|0,00|||20230308||
CA|Caisse|CA00134|20230301|514000|Cheques postaux|||CA039031|20230301|OPERATION DIVERSE 01/02/2025|0,00|1476,79|||20230308||
CA|Caisse|CA00135|20230721|642000|Remunerations des dirigeants|||CA078699|20230721|OPERATION DIVERSE 31/01/2025|927,00|0,00|||20230726||
CA|Caisse|CA00135|20230721|487000|Produits constates d'avance|||CA078699|20230721|OPERATION DIVERSE 31/01/2025|0,00|927,00|||20230726||
CA|Caisse|CA00136|20230602|120000|Resultat de l'exercice|||CA069112|20230602|OPERATION DIVERSE 25/01/2025|74,16|0,00|||20230609||
CA|Caisse|CA00136|20230602|491000|Depreciation des comptes clients|||CA069112|20230602|OPERATION DIVERSE 25/01/2025|0,00|74,16|||20230609||
CA|Caisse|CA00137|20230309|445620|TVA deductible sur immobilisations|||CA033491|20230309|OPERATION DIVERSE 29/01/2025|636,92|0,00|||20230313||
CA|Caisse|CA00137|20230309|707000|Ventes de marchandises|||CA033491|20230309|OPERATION DIVERSE 29/01/2025|0,00|636,92|||20230313||
CA|Caisse|CA00138|20230407|754000|Ristournes percues des cooperatives|||CA043592|20230407|OPERATION DIVERSE 14/02/2025|1625,87|0,00|||20230407||
CA|Caisse|CA00138|20230407|106100|Reserve legale|||CA043592|20230407|OPERATION DIVERSE 14/02/2025|0,00|1625,87|||20230407||
CA|Caisse|CA00139|20230113|767000|Produits nets sur cessions de valeurs mobilieres de placement|||CA019859|20230113|OPERATION DIVERSE 13/02/2025|1710,40|0,00|||20230116||
CA|Caisse|CA00139|20230113|698000|Integration fiscale - Charges|||CA019859|20230113|OPERATION DIVERSE 13/02/2025|0,00|1710,40|||20230116||
CA|Caisse|CA00140|20230613|165000|Depots et cautionnements recus|||CA062934|20230613|OPERATION DIVERSE 30/01/2025|758,59|0,00|||20230613||
CA|Caisse|CA00140|20230613|627000|Services bancaires et assimiles|||CA062934|20230613|OPERATION DIVERSE 30/01/2025|0,00|758,59|||20230613||
CA|Caisse|CA00141|20230628|601000|Achats de matieres premieres|||CA064973|20230628|OPERATION DIVERSE 07/02/2025|881,49|0,00|||20230701||
CA|Caisse|CA00141|20230628|445670|TVA collectee|||CA064973|20230628|OPERATION DIVERSE 07/02/2025|0,00|881,49|||20230701||
CA|Caisse|CA00142|20231003|687000|Dot. amort. et provisions exceptionnels|||CA109485|20231003|OPERATION DIVERSE 14/01/2025|271,18|0,00|||20231009||
CA|Caisse|CA00142|20231003|447100|Autres impots, taxes et versements assimiles|||CA109485|20231003|OPERATION DIVERSE 14/01/2025|0,00|271,18|||20231009||
CA|Caisse|CA00143|20230801|612000|Redevances de credit-bail|||CA083038|20230801|OPERATION DIVERSE 19/01/2025|408,64|0,00|||20230808||
CA|Caisse|CA00143|20230801|590000|Depreciation des valeurs mobilieres de placement|||CA083038|20230801|OPERATION DIVERSE 19/01/2025|0,00|408,64|||20230808||
CA|Caisse|CA00144|20231031|781500|Reprises sur provisions pour risques et charges d'exploitation|||CA104447|20231031|OPERATION DIVERSE 06/02/2025|826,39|0,00|||20231031||
CA|Caisse|CA00144|20231031|445870|TVA sur factures a etablir|||CA104447|20231031|OPERATION DIVERSE 06/02/2025|0,00|826,39|||20231031||
CA|Caisse|CA00145|20231214|421000|Personnel - Remunerations dues|||CA124666|20231214|OPERATION DIVERSE 16/02/2025|656,92|0,00|||20231217||
CA|Caisse|CA00145|20231214|218400|Mobilier|||CA124666|20231214|OPERATION DIVERSE 16/02/2025|0,00|656,92|||20231217||
CA|Caisse|CA00146|20230801|514000|Cheques postaux|||CA083147|20230801|OPERATION DIVERSE 05/02/2025|41,47|0,00|||20230807||
CA|Caisse|CA00146|20230801|411000|Clients|C00008|CLIENT THETA|CA083147|20230801|OPERATION DIVERSE 05/02/2025|0,00|41,47|Y3|20231210|20230807||
CA|Caisse|CA00147|20230210|763000|Revenus des autres creances|||CA024231|20230210|OPERATION DIVERSE 14/02/2025|1260,18|0,00|||20230217||
CA|Caisse|CA00147|20230210|211000|Terrains|||CA024231|20230210|OPERATION DIVERSE 14/02/2025|0,00|1260,18|||20230217||
CA|Caisse|CA00148|20230414|500000|Valeurs mobilieres de placement|||CA049279|20230414|OPERATION DIVERSE 21/01/2025|256,14|0,00|||20230421||
CA|Caisse|CA00148|20230414|518100|Interets courus a payer|||CA049279|20230414|OPERATION DIVERSE 21/01/2025|0,00|256,14|||20230421||
CA|Caisse|CA00149|20230116|796000|Transferts de charges financieres|||CA016378|20230116|OPERATION DIVERSE 09/02/2025|1720,27|0,00|||20230119||
CA|Caisse|CA00149|20230116|165000|Depots et cautionnements recus|||CA016378|20230116|OPERATION DIVERSE 09/02/2025|0,00|1720,27|||20230119||
CA|Caisse|CA00150|20230308|664000|Pertes sur cessions de valeurs mobilieres de placement|||CA039090|20230308|OPERATION DIVERSE 25/02/2025|590,06|0,00|||20230314||
CA|Caisse|CA00150|20230308|445620|TVA deductible sur immobilisations|||CA039090|20230308|OPERATION DIVERSE 25/02/2025|0,00|590,06|||20230314||
CA|Caisse|CA00151|20230324|713000|Variation des stocks|||CA035761|20230324|OPERATION DIVERSE 04/01/2025|376,17|0,00|||20230330||
CA|Caisse|CA00151|20230325|408100|Fournisseurs - Factures non parvenues|||CA035761|20230324|OPERATION DIVERSE 04/01/2025|0,00|376,17|||20230330||
CA|Caisse|CA00152|20230213|164000|Emprunts aupres des etablissements de credit|||CA027742|20230213|OPERATION DIVERSE 27/02/2025|398,53|0,00|||20230217||
CA|Caisse|CA00152|20230213|781500|Reprises sur provisions pour risques et charges d'exploitation|||CA027742|20230213|OPERATION DIVERSE 27/02/2025|0,00|398,53|||20230217||
CA|Caisse|CA00153|20230106|622700|Frais d'actes et de contentieux|||CA019511|20230106|OPERATION DIVERSE 21/01/2025|64,17|0,00|||20230109||
CA|Caisse|CA00153|20230106|445620|TVA deductible sur immobilisations|||CA019511|20230106|OPERATION DIVERSE 21/01/2025|0,00|64,17|||20230109||
CA|Caisse|CA00154|20230623|168800|Interets courus sur emprunts|||CA067375|20230623|OPERATION DIVERSE 17/02/2025|495,60|0,00|||20230627||
CA|Caisse|CA00154|20230623|615200|Entretien et reparations sur biens immobiliers|||CA067375|20230623|OPERATION DIVERSE 17/02/2025|0,00|495,60|||20230627||
CA|Caisse|CA00155|20230413|441000|Etat - Impot sur les benefices|||CA048843|20230413|OPERATION DIVERSE 14/01/2025|431,92|0,00|||20230416||
CA|Caisse|CA00155|20230413|491000|Depreciation des comptes clients|||CA048843|20230413|OPERATION DIVERSE 14/01/2025|0,00|431,92|||20230416||
CA|Caisse|CA00156|20230118|445870|TVA sur factures a etablir|||CA019021|20230118|OPERATION DIVERSE 10/02/2025|177,55|0,00|||20230123||
CA|Caisse|CA00156|20230118|427000|Personnel - Oppositions|||CA019021|20230118|OPERATION DIVERSE 10/02/2025|0,00|177,55|||20230123||
CA|Caisse|CA00157|20230825|425000|Personnel - Avances et acomptes|||CA086571|20230825|OPERATION DIVERSE 10/02/2025|706,59|0,00|||20230828||
CA|Caisse|CA00157|20230825|618100|Documentation generale|||CA086571|20230825|OPERATION DIVERSE 10/02/2025|0,00|706,59|||20230828||
CA|Caisse|CA00158|20230612|491000|Depreciation des comptes clients|||CA061177|20230612|OPERATION DIVERSE 07/01/2025|667,21|0,00|||20230619||
CA|Caisse|CA00158|20230612|168800|Interets courus sur emprunts|||CA061177|20230612|OPERATION DIVERSE 07/01/2025|0,00|667,21|||20230619||
CA|Caisse|CA00159|20231215|218100|Installations generales, agencements divers|||CA129894|20231215|OPERATION DIVERSE 01/02/2025|14111,38|0,00|||20231217||
CA|Caisse|CA00159|20231215|512100|Banque secondaire|||CA129894|20231215|OPERATION DIVERSE 01/02/2025|0,00|14111,38|||20231217||
OD|Operations diverses|OD00001|20230717|413000|Clients - Effets a recevoir|||OD075949|20230717|ECRITURE DE REGULARISATION 01/2025|723,34|0,00|||20230720||
OD|Operations diverses|OD00001|20230717|675000|Valeurs comptables des elements d'actif cedes|||OD075949|20230717|ECRITURE DE REGULARISATION 01/2025|0,00|723,34|||20230720||
OD|Operations diverses|OD00002|20230217|626000|Frais postaux et de telecommunications|||OD022853|20230217|ECRITURE DE REGULARISATION 01/2025|1443,62|0,00|||20230219||
OD|Operations diverses|OD00002|20230217|438200|Charges sociales sur conges a payer|||OD022853|20230217|ECRITURE DE REGULARISATION 01/2025|0,00|1443,62|||20230219||
OD|Operations diverses|OD00003|20231018|618500|Frais de colloques, seminaires, conferences|||OD109917|20231018|ECRITURE DE REGULARISATION 01/2025|518,18|0,00|||20231018||
OD|Operations diverses|OD00003|20231018|403000|Fournisseurs - Effets a payer|||OD109917|20231018|ECRITURE DE REGULARISATION 01/2025|0,00|518,18|||20231018||
OD|Operations diverses|OD00004|20230202|428200|Personnel - Conges payes|||OD023401|20230202|ECRITURE DE REGULARISATION 01/2025|90,99|0,00|||20230203||
OD|Operations diverses|OD00004|20230202|441000|Etat - Impot sur les benefices|||OD023401|20230202|ECRITURE DE REGULARISATION 01/2025|0,00|90,99|||20230203||
OD|Operations diverses|OD00005|20231006|607000|Achats de marchandises|||OD106261|20231006|ECRITURE DE REGULARISATION 02/2025|1340,06|0,00|||20231012||
OD|Operations diverses|OD00005|20231006|428200|Personnel - Conges payes|||OD106261|20231006|ECRITURE DE REGULARISATION 02/2025|0,00|1340,06|||20231012||
OD|Operations diverses|OD00006|20231213|771000|Produits exceptionnels sur operations de gestion|||OD124760|20231213|ECRITURE DE REGULARISATION 02/2025|405,99|0,00|||20231218||
OD|Operations diverses|OD00006|20231213|408400|Fournisseurs d'immobilisations - Factures non parvenues|||OD124760|20231213|ECRITURE DE REGULARISATION 02/2025|0,00|405,99|||20231218||
OD|Operations diverses|OD00007|20230623|615600|Maintenance|||OD064726|20230623|ECRITURE DE REGULARISATION 02/2025|1435,72|0,00|||20230625||
OD|Operations diverses|OD00007|20230623|445870|TVA sur factures a etablir|||OD064726|20230623|ECRITURE DE REGULARISATION 02/2025|0,00|1435,72|||20230625||
OD|Operations diverses|OD00008|20230922|798000|Integration fiscale - Produits|||OD093804|20230922|ECRITURE DE REGULARISATION 01/2025|176,96|0,00|||20230923||
OD|Operations diverses|OD00008|20230922|695000|Impots sur les benefices|||OD093804|20230922|ECRITURE DE REGULARISATION 01/2025|0,00|176,96|||20230923||
OD|Operations diverses|OD00009|20230127|447100|Autres impots, taxes et versements assimiles|||OD017790|20230127|ECRITURE DE REGULARISATION 02/2025|933,00|0,00|||20230130||
OD|Operations diverses|OD00009|20230127|608500|Frais accessoires d'achat|||OD017790|20230127|ECRITURE DE REGULARISATION 02/2025|0,00|933,00|||20230130||
OD|Operations diverses|OD00010|20230523|602200|Achats de fournitures consommables|||AC087413|20230523|ECRITURE DE REGULARISATION 01/2025|1282,22|0,00|||20230525||
OD|Operations diverses|OD00010|20230523|403000|Fournisseurs - Effets a payer|||OD053556|20230523|ECRITURE DE REGULARISATION 01/2025|0,00|1282,22|||20230525||
OD|Operations diverses|OD00011|20230928|106100|Reserve legale|||OD095092|20230928|ECRITURE DE REGULARISATION 01/2025|671,53|0,00|||20230928||
OD|Operations diverses|OD00011|20230928|512100|Banque secondaire|||OD095092|20230928|ECRITURE DE REGULARISATION 01/2025|0,00|671,53|||20230928||
OD|Operations diverses|OD00012|20230106|590000|Depreciation des valeurs mobilieres de placement|||OD015247|20230106|ECRITURE DE REGULARISATION 02/2025|496,63|0,00|||20230108||
OD|Operations diverses|OD00012|20230106|681110|Dot. amort. sur immo. incorporelles|||OD015247|20230106|ECRITURE DE REGULARISATION 02/2025|0,00|496,63|||20230108||
OD|Operations diverses|OD00013|20231228|606400|Fournitures administratives|||OD127595|20231228|ECRITURE DE REGULARISATION 02/2025|183,62|0,00|||20231230||
OD|Operations diverses|OD00013|20231228|445670|TVA collectee|||OD127595|20231228|ECRITURE DE REGULARISATION 02/2025|0,00|183,62|||20231230||
OD|Operations diverses|OD00014|20230602|213100|Constructions - Batiments|||OD061446|20230602|ECRITURE DE REGULARISATION 02/2025|5342,91|0,00|||20230602||
OD|Operations diverses|OD00014|20230602|512000|Banque principale|||OD061446|20230602|ECRITURE DE REGULARISATION 02/2025|0,00|5342,91|||20230602||
OD|Operations diverses|OD00015|20230202|164000|Emprunts aupres des etablissements de credit|||OD028802|20230202|ECRITURE DE REGULARISATION 02/2025|11,01|0,00|||20230209||
OD|Operations diverses|OD00015|20230202|623000|Publicite, publications, relations publiques|||OD028802|20230202|ECRITURE DE REGULARISATION 02/2025|0,00|11,01|||20230209||
OD|Operations diverses|OD00016|20230120|754000|Ristournes percues des cooperatives|||OD011556|20230120|ECRITURE DE REGULARISATION 02/2025|28,37|0,00|||20230122||
OD|Operations diverses|OD00016|20230120|687000|Dot. amort. et provisions exceptionnels|||OD011556|20230120|ECRITURE DE REGULARISATION 02/2025|0,00|28,37|||20230122||
OD|Operations diverses|OD00017|20231127|691000|Participation des salaries aux resultats|||OD112910|20231127|ECRITURE DE REGULARISATION 02/2025|376,66|0,00|||20231204||
OD|Operations diverses|OD00017|20231127|512100|Banque secondaire|||OD112910|20231127|ECRITURE DE REGULARISATION 02/2025|0,00|376,66|||20231204||
OD|Operations diverses|OD00018|20231229|791000|Transferts de charges d'exploitation|||OD124497|20231229|ECRITURE DE REGULARISATION 02/2025|1351,46|0,00|||20231230||
OD|Operations diverses|OD00018|20231229|408400|Fournisseurs d'immobilisations - Factures non parvenues|||OD124497|20231229|ECRITURE DE REGULARISATION 02/2025|0,00|1351,46|||20231230||
OD|Operations diverses|OD00019|20230404|791000|Transferts de charges d'exploitation|||OD049777|20230404|ECRITURE DE REGULARISATION 02/2025|134,92|0,00|||20230409||
OD|Operations diverses|OD00019|20230408|164000|Emprunts aupres des etablissements de credit|||OD049777|20230404|ECRITURE DE REGULARISATION 02/2025|0,00|134,92|||20230409||
OD|Operations diverses|OD00020|20230203|618500|Frais de colloques, seminaires, conferences|||OD021319|20230203|ECRITURE DE REGULARISATION 02/2025|956,20|0,00|||20230205||
OD|Operations diverses|OD00020|20230203|445860|TVA sur factures non parvenues|||OD021319|20230203|ECRITURE DE REGULARISATION 02/2025|0,00|956,20|||20230205||
OD|Operations diverses|OD00021|20230531|766000|Gains de change|||OD057357|20230531|ECRITURE DE REGULARISATION 01/2025|409,79|0,00|||20230603||
OD|Operations diverses|OD00021|20230531|762000|Produits des autres immobilisations financieres|||OD057357|20230531|ECRITURE DE REGULARISATION 01/2025|0,00|409,79|||20230603||
OD|Operations diverses|OD00022|20230228|281540|Amort. materiel industriel|||OD024461|20230228|ECRITURE DE REGULARISATION 02/2025|16447,58|0,00|||20230303||
OD|Operations diverses|OD00022|20230228|512100|Banque secondaire|||OD024461|20230228|ECRITURE DE REGULARISATION 02/2025|0,00|16447,58|||20230303||
OD|Operations diverses|OD00023|20230203|511000|Valeurs a l'encaissement|||OD021330|20230203|ECRITURE DE REGULARISATION 01/2025|405,14|0,00|||20230204||
OD|Operations diverses|OD00023|20230203|441000|Etat - Impot sur les benefices|||OD021330|20230203|ECRITURE DE REGULARISATION 01/2025|0,00|405,14|||20230204||
OD|Operations diverses|OD00024|20230922|751000|Redevances pour concessions, brevets, licences, etc.|||OD098720|20230922|ECRITURE DE REGULARISATION 02/2025|1763,61|0,00|||20230927||
OD|Operations diverses|OD00024|20230922|281540|Amort. materiel industriel|||OD098720|20230922|ECRITURE DE REGULARISATION 02/2025|0,00|1763,61|||20230927||
OD|Operations diverses|OD00025|20230717|686500|Dot. provisions pour risques et charges financiers|||OD075072|20230717|ECRITURE DE REGULARISATION 01/2025|111,05|0,00|||20230717||
OD|Operations diverses|OD00025|20230717|438200|Charges sociales sur conges a payer|||OD075072|20230717|ECRITURE DE REGULARISATION 01/2025|0,00|111,05|||20230717||
OD|Operations diverses|OD00026|20230323|455000|Associes - Comptes courants|||OD031631|20230323|ECRITURE DE REGULARISATION 02/2025|398,09|0,00|||20230329||
OD|Operations diverses|OD00026|20230323|512100|Banque secondaire|||OD031631|20230323|ECRITURE DE REGULARISATION 02/2025|0,00|398,09|||20230329||
OD|Operations diverses|OD00027|20230303|408400|Fournisseurs d'immobilisations - Factures non parvenues|||OD031483|20230303|ECRITURE DE REGULARISATION 01/2025|616,02|0,00|||20230307||
OD|Operations diverses|OD00027|20230303|218100|Installations generales, agencements divers|||OD031483|20230303|ECRITURE DE REGULARISATION 01/2025|0,00|616,02|||20230307||
OD|Operations diverses|OD00028|20230824|404000|Fournisseurs d'immobilisations|||OD082404|20230824|ECRITURE DE REGULARISATION 01/2025|301,67|0,00|||20230831||
OD|Operations diverses|OD00028|20230824|408400|Fournisseurs d'immobilisations - Factures non parvenues|||OD082404|20230824|ECRITURE DE REGULARISATION 01/2025|0,00|301,67|||20230831||
OD|Operations diverses|OD00029|20230721|623100|Annonces et insertions|||OD076416|20230721|ECRITURE DE REGULARISATION 01/2025|20,43|0,00|||20230726||
OD|Operations diverses|OD00029|20230721|580000|Virements internes|||OD076416|20230721|ECRITURE DE REGULARISATION 01/2025|0,00|20,43|||20230726||
OD|Operations diverses|OD00030|20230621|675000|Valeurs comptables des elements d'actif cedes|||OD064376|20230621|ECRITURE DE REGULARISATION 02/2025|999,44|0,00|||20230624||
OD|Operations diverses|OD00030|20230621|471000|Compte d'attente|||OD064376|20230621|ECRITURE DE REGULARISATION 02/2025|0,00|999,44|||20230624||
OD|Operations diverses|OD00031|20230907|437000|Autres organismes sociaux|||OD091476|20230907|ECRITURE DE REGULARISATION 01/2025|974,60|0,00|||20230909||
OD|Operations diverses|OD00031|20230907|602100|Achats de matieres consommables|||OD091476|20230907|ECRITURE DE REGULARISATION 01/2025|0,00|974,60|||20230909||
OD|Operations diverses|OD00032|20230804|665000|Escomptes accordes|||OD089720|20230804|ECRITURE DE REGULARISATION 01/2025|566,18|0,00|||20230809||
OD|Operations diverses|OD00032|20230804|511000|Valeurs a l'encaissement|||OD089720|20230804|ECRITURE DE REGULARISATION 01/2025|0,00|566,18|||20230809||
OD|Operations diverses|OD00033|20230308|421000|Personnel - Remunerations dues|||OD038269|20230308|ECRITURE DE REGULARISATION 01/2025|323,60|0,00|||20230315||
OD|Operations diverses|OD00033|20230308|613500|Locations mobilieres|||OD038269|20230308|ECRITURE DE REGULARISATION 01/2025|0,00|323,60|||20230315||
OD|Operations diverses|OD00034|20230605|418100|Clients - Factures a etablir|||OD063587|20230605|ECRITURE DE REGULARISATION 01/2025|191,14|0,00|||20230608||
OD|Operations diverses|OD00034|20230605|445670|TVA collectee|||OD063587|20230605|ECRITURE DE REGULARISATION 01/2025|0,00|191,14|||20230608||
OD|Operations diverses|OD00035|20231229|131800|Autres subventions d'investissement|||OD129992|20231229|ECRITURE DE REGULARISATION 02/2025|468,63|0,00|||20231230||
OD|Operations diverses|OD00035|20231229|618500|Frais de colloques, seminaires, conferences|||OD129992|20231229|ECRITURE DE REGULARISATION 02/2025|0,00|468,63|||20231230||
OD|Operations diverses|OD00036|20230818|766000|Gains de change|||OD081131|20230818|ECRITURE DE REGULARISATION 02/2025|1856,85|0,00|||20230819||
OD|Operations diverses|OD00036|20230818|764000|Revenus des valeurs mobilieres de placement|||OD081131|20230818|ECRITURE DE REGULARISATION 02/2025|0,00|1856,85|||20230819||
OD|Operations diverses|OD00037|20230707|622700|Frais d'actes et de contentieux|||OD075476|20230707|ECRITURE DE REGULARISATION 02/2025|1955,70|0,00|||20230708||
OD|Operations diverses|OD00037|20230707|403000|Fournisseurs - Effets a payer|||OD075476|20230707|ECRITURE DE REGULARISATION 02/2025|0,00|1955,70|||20230708||
OD|Operations diverses|OD00038|20230317|500000|Valeurs mobilieres de placement|||OD032844|20230317|ECRITURE DE REGULARISATION 01/2025|975,80|0,00|||20230320||
OD|Operations diverses|OD00038|20230317|618500|Frais de colloques, seminaires, conferences|||OD032844|20230317|ECRITURE DE REGULARISATION 01/2025|0,00|975,80|||20230320||
OD|Operations diverses|OD00039|20230614|231000|Immobilisations corporelles en cours|||OD068186|20230614|ECRITURE DE REGULARISATION 01/2025|9587,52|0,00|||20230617||
OD|Operations diverses|OD00039|20230614|404000|Fournisseurs d'immobilisations|||OD068186|20230614|ECRITURE DE REGULARISATION 01/2025|0,00|9587,52|||20230617||
OD|Operations diverses|OD00040|20230228|514000|Cheques postaux|||OD025234|20230228|ECRITURE DE REGULARISATION 01/2025|977,65|0,00|||20230307||
OD|Operations diverses|OD00040|20230228|627000|Services bancaires et assimiles|||OD025234|20230228|ECRITURE DE REGULARISATION 01/2025|0,00|977,65|||20230307||
OD|Operations diverses|OD00041|20230408|517000|Autres organismes financiers|||OD045412|20230404|ECRITURE DE REGULARISATION 01/2025|284,59|0,00|||20230408||
OD|Operations diverses|OD00041|20230404|618100|Documentation generale|||OD045412|20230404|ECRITURE DE REGULARISATION 01/2025|0,00|284,59|||20230408||
OD|Operations diverses|OD00042|20230503|416000|Clients douteux|||OD058971|20230503|ECRITURE DE REGULARISATION 02/2025|979,94|0,00|||20230509||
OD|Operations diverses|OD00042|20230503|213100|Constructions - Batiments|||OD058971|20230503|ECRITURE DE REGULARISATION 02/2025|0,00|979,94|||20230509||
OD|Operations diverses|OD00043|20230428|281540|Amort. materiel industriel|||OD047834|20230428|ECRITURE DE REGULARISATION 02/2025|18374,35|0,00|||20230428||
OD|Operations diverses|OD00043|20230428|512000|Banque principale|||OD047834|20230428|ECRITURE DE REGULARISATION 02/2025|0,00|18374,35|||20230428||
OD|Operations diverses|OD00044|20230109|168800|Interets courus sur emprunts|||OD014242|20230109|ECRITURE DE REGULARISATION 01/2025|720,95|0,00|||20230116||
OD|Operations diverses|OD00044|20230109|671000|Charges exceptionnelles sur operations de gestion|||OD014242|20230109|ECRITURE DE REGULARISATION 01/2025|0,00|720,95|||20230116||
OD|Operations diverses|OD00045|20230609|416000|Clients douteux|||OD069939|20230609|ECRITURE DE REGULARISATION 02/2025|113,85|0,00|||20230616||
OD|Operations diverses|OD00045|20230609|106100|Reserve legale|||OD069939|20230609|ECRITURE DE REGULARISATION 02/2025|0,00|113,85|||20230616||
OD|Operations diverses|OD00046|20231122|781740|Reprises sur provisions sur creances|||OD111493|20231122|ECRITURE DE REGULARISATION 02/2025|1939,70|0,00|||20231123||
OD|Operations diverses|OD00046|20231122|654000|Pertes sur creances irrecouvrables|||OD111493|20231122|ECRITURE DE REGULARISATION 02/2025|0,00|1939,70|||20231123||
OD|Operations diverses|OD00047|20230720|445620|TVA deductible sur immobilisations|||OD078055|20230720|ECRITURE DE REGULARISATION 02/2025|919,73|0,00|||20230721||
OD|Operations diverses|OD00047|20230720|218400|Mobilier|||OD078055|20230720|ECRITURE DE REGULARISATION 02/2025|0,00|919,73|||20230721||
OD|Operations diverses|OD00048|20231025|686500|Dot. provisions pour risques et charges financiers|||OD104479|20231025|ECRITURE DE REGULARISATION 01/2025|1102,00|0,00|||20231029||
OD|Operations diverses|OD00048|20231025|447100|Autres impots, taxes et versements assimiles|||OD104479|20231025|ECRITURE DE REGULARISATION 01/2025|0,00|1102,00|||20231029||
OD|Operations diverses|OD00049|20230908|761000|Produits de participations|||OD095163|20230908|ECRITURE DE REGULARISATION 01/2025|338,87|0,00|||20230912||
OD|Operations diverses|OD00049|20230908|518100|Interets courus a payer|||OD095163|20230908|ECRITURE DE REGULARISATION 01/2025|0,00|338,87|||20230912||
OD|Operations diverses|OD00050|20230526|602100|Achats de matieres consommables|||OD059581|20230526|ECRITURE DE REGULARISATION 02/2025|1452,67|0,00|||20230531||
OD|Operations diverses|OD00050|20230526|486000|Charges constatees d'avance|||OD059581|20230526|ECRITURE DE REGULARISATION 02/2025|0,00|1452,67|||20230531||
OD|Operations diverses|OD00051|20230512|445670|TVA collectee|||AC064346|20230512|ECRITURE DE REGULARISATION 01/2025|698,62|0,00|||20230516||
OD|Operations diverses|OD00051|20230512|762000|Produits des autres immobilisations financieres|||OD054566|20230512|ECRITURE DE REGULARISATION 01/2025|0,00|698,62|||20230516||
OD|Operations diverses|OD00052|20230516|215400|Materiel industriel|||OD052534|20230516|ECRITURE DE REGULARISATION 02/2025|19123,46|0,00|||20230520||
OD|Operations diverses|OD00052|20230516|512000|Banque principale|||OD052534|20230516|ECRITURE DE REGULARISATION 02/2025|0,00|19123,46|||20230520||
OD|Operations diverses|OD00053|20230120|602260|Achats d'emballages|||OD017696|20230120|ECRITURE DE REGULARISATION 01/2025|1155,68|0,00|||20230120||
OD|Operations diverses|OD00053|20230120|441000|Etat - Impot sur les benefices|||OD017696|20230120|ECRITURE DE REGULARISATION 01/2025|0,00|1155,68|||20230120||
OD|Operations diverses|OD00054|20230224|409100|Fournisseurs - Avances et acomptes verses|||OD025553|20230224|ECRITURE DE REGULARISATION 01/2025|913,15|0,00|||20230225||
OD|Operations diverses|OD00054|20230224|625700|Receptions|||OD025553|20230224|ECRITURE DE REGULARISATION 01/2025|0,00|913,15|||20230225||
OD|Operations diverses|OD00055|20230120|590000|Depreciation des valeurs mobilieres de placement|||OD012115|20230120|ECRITURE DE REGULARISATION 01/2025|740,11|0,00|||20230120||
OD|Operations diverses|OD00055|20230120|771000|Produits exceptionnels sur operations de gestion|||OD012115|20230120|ECRITURE DE REGULARISATION 01/2025|0,00|740,11|||20230120||
OD|Operations diverses|OD00056|20231106|218300|Materiel de bureau et informatique|||OD115277|20231106|ECRITURE DE REGULARISATION 02/2025|3141,29|0,00|||20231108||
OD|Operations diverses|OD00056|20231106|512100|Banque secondaire|||OD115277|20231106|ECRITURE DE REGULARISATION 02/2025|0,00|3141,29|||20231108||
OD|Operations diverses|OD00057|20230421|518100|Interets courus a payer|||OD044447|20230421|ECRITURE DE REGULARISATION 02/2025|467,66|0,00|||20230427||
OD|Operations diverses|OD00057|20230421|797000|Transferts de charges exceptionnelles|||OD044447|20230421|ECRITURE DE REGULARISATION 02/2025|0,00|467,66|||20230427||
OD|Operations diverses|OD00058|20231117|781740|Reprises sur provisions sur creances|||OD116807|20231117|ECRITURE DE REGULARISATION 02/2025|198,49|0,00|||20231118||
OD|Operations diverses|OD00058|20231117|709000|Rabais, remises et ristournes accordes|||OD116807|20231117|ECRITURE DE REGULARISATION 02/2025|0,00|198,49|||20231118||
OD|Operations diverses|OD00059|20231031|601000|Achats de matieres premieres|||OD101559|20231031|ECRITURE DE REGULARISATION 01/2025|463,13|0,00|||20231105||
OD|Operations diverses|OD00059|20231031|445710|TVA collectee a payer|||OD101559|20231031|ECRITURE DE REGULARISATION 01/2025|0,00|463,13|||20231105||
OD|Operations diverses|OD00060|20230117|713000|Variation des stocks|||OD018802|20230117|ECRITURE DE REGULARISATION 01/2025|1059,26|0,00|||20230117||
OD|Operations diverses|OD00060|20230117|623000|Publicite, publications, relations publiques|||OD018802|20230117|ECRITURE DE REGULARISATION 01/2025|0,00|1059,26|||20230117||
OD|Operations diverses|OD00061|20230530|408400|Fournisseurs d'immobilisations - Factures non parvenues|||OD051648|20230530|ECRITURE DE REGULARISATION 01/2025|473,93|0,00|||20230602||
OD|Operations diverses|OD00061|20230530|203000|Frais de recherche et developpement|||OD051648|20230530|ECRITURE DE REGULARISATION 01/2025|0,00|473,93|||20230602||
OD|Operations diverses|OD00062|20230630|427000|Personnel - Oppositions|||OD063158|20230630|ECRITURE DE REGULARISATION 02/2025|824,89|0,00|||20230706||
OD|Operations diverses|OD00062|20230630|512100|Banque secondaire|||OD063158|20230630|ECRITURE DE REGULARISATION 02/2025|0,00|824,89|||20230706||
OD|Operations diverses|OD00063|20230609|409100|Fournisseurs - Avances et acomptes verses|||OD064738|20230609|ECRITURE DE REGULARISATION 01/2025|827,21|0,00|||20230616||
OD|Operations diverses|OD00063|20230609|786500|Reprises sur provisions pour risques et charges financiers|||OD064738|20230609|ECRITURE DE REGULARISATION 01/2025|0,00|827,21|||20230616||
OD|Operations diverses|OD00064|20230517|647000|Autres charges sociales|||OD056997|20230517|ECRITURE DE REGULARISATION 02/2025|1330,93|0,00|||20230518||
OD|Operations diverses|OD00064|20230517|514000|Cheques postaux|||OD056997|20230517|ECRITURE DE REGULARISATION 02/2025|0,00|1330,93|||20230518||
OD|Operations diverses|OD00065|20231229|765000|Escomptes obtenus|||OD123510|20231229|ECRITURE DE REGULARISATION 01/2025|1551,35|0,00|||20231230||
OD|Operations diverses|OD00065|20231229|471000|Compte d'attente|||OD123510|20231229|ECRITURE DE REGULARISATION 01/2025|0,00|1551,35|||20231230||
OD|Operations diverses|OD00066|20231107|419100|Clients - Avances et acomptes recus|||OD116539|20231107|ECRITURE DE REGULARISATION 02/2025|529,49|0,00|||20231111||
OD|Operations diverses|OD00066|20231107|455000|Associes - Comptes courants|||OD116539|20231107|ECRITURE DE REGULARISATION 02/2025|0,00|529,49|||20231111||
OD|Operations diverses|OD00067|20230113|606300|Fournitures d'entretien et petit equipement|||OD016632|20230113|ECRITURE DE REGULARISATION 02/2025|865,54|0,00|||20230117||
OD|Operations diverses|OD00067|20230113|471000|Compte d'attente|||OD016632|20230113|ECRITURE DE REGULARISATION 02/2025|0,00|865,54|||20230117||
OD|Operations diverses|OD00068|20231204|120000|Resultat de l'exercice|||OD122704|20231204|ECRITURE DE REGULARISATION 02/2025|30,06|0,00|||20231209||
OD|Operations diverses|OD00068|20231204|611000|Sous-traitance generale|||OD122704|20231204|ECRITURE DE REGULARISATION 02/2025|0,00|30,06|||20231209||
OD|Operations diverses|OD00069|20230731|447100|Autres impots, taxes et versements assimiles|||OD078513|20230731|ECRITURE DE REGULARISATION 02/2025|345,07|0,00|||20230807||
OD|Operations diverses|OD00069|20230731|445870|TVA sur factures a etablir|||OD078513|20230731|ECRITURE DE REGULARISATION 02/2025|0,00|345,07|||20230807||
OD|Operations diverses|OD00070|20230518|281540|Amort. materiel industriel|||OD052859|20230518|ECRITURE DE REGULARISATION 01/2025|19187,71|0,00|||20230525||
OD|Operations diverses|OD00070|20230518|404000|Fournisseurs d'immobilisations|||OD052859|20230518|ECRITURE DE REGULARISATION 01/2025|0,00|19187,71|||20230525||
OD|Operations diverses|OD00071|20230522|106800|Autres reserves|||OD051626|20230522|ECRITURE DE REGULARISATION 02/2025|345,54|0,00|||20230524||
OD|Operations diverses|OD00071|20230522|530000|Caisse|||OD051626|20230522|ECRITURE DE REGULARISATION 02/2025|0,00|345,54|||20230524||
OD|Operations diverses|OD00072|20230802|281810|Amort. installations generales|||OD088189|20230802|ECRITURE DE REGULARISATION 01/2025|1184,98|0,00|||20230803||
OD|Operations diverses|OD00072|20230802|512000|Banque principale|||OD088189|20230802|ECRITURE DE REGULARISATION 01/2025|0,00|1184,98|||20230803||
OD|Operations diverses|OD00073|20231207|416000|Clients douteux|||OD128655|20231207|ECRITURE DE REGULARISATION 01/2025|637,21|0,00|||20231211||
OD|Operations diverses|OD00073|20231207|321000|Matieres consommables|||OD128655|20231207|ECRITURE DE REGULARISATION 01/2025|0,00|637,21|||20231211||
OD|Operations diverses|OD00074|20230419|686500|Dot. provisions pour risques et charges financiers|||OD047447|20230419|ECRITURE DE REGULARISATION 02/2025|1732,33|0,00|||20230425||
OD|Operations diverses|OD00074|20230419|514000|Cheques postaux|||OD047447|20230419|ECRITURE DE REGULARISATION 02/2025|0,00|1732,33|||20230425||
OD|Operations diverses|OD00075|20230502|781740|Reprises sur provisions sur creances|||OD058997|20230502|ECRITURE DE REGULARISATION 02/2025|1494,73|0,00|||20230506||
OD|Operations diverses|OD00075|20230502|798000|Integration fiscale - Produits|||OD058997|20230502|ECRITURE DE REGULARISATION 02/2025|0,00|1494,73|||20230506||
OD|Operations diverses|OD00076|20230512|418100|Clients - Factures a etablir|||OD059531|20230512|ECRITURE DE REGULARISATION 02/2025|289,73|0,00|||20230517||
OD|Operations diverses|OD00076|20230512|625100|Voyages et deplacements|||OD059531|20230512|ECRITURE DE REGULARISATION 02/2025|0,00|289,73|||20230517||
OD|Operations diverses|OD00077|20230811|681120|Dot. amort. sur immo. corporelles|||OD085094|20230811|ECRITURE DE REGULARISATION 02/2025|1445,83|0,00|||20230817||
OD|Operations diverses|OD00077|20230811|445660|TVA deductible sur ABS|||OD085094|20230811|ECRITURE DE REGULARISATION 02/2025|0,00|1445,83|||20230817||
OD|Operations diverses|OD00078|20231121|500000|Valeurs mobilieres de placement|||OD113437|20231121|ECRITURE DE REGULARISATION 02/2025|765,00|0,00|||20231121||
OD|Operations diverses|OD00078|20231121|419100|Clients - Avances et acomptes recus|||OD113437|20231121|ECRITURE DE REGULARISATION 02/2025|0,00|765,00|||20231121||
OD|Operations diverses|OD00079|20230914|491000|Depreciation des comptes clients|||OD091033|20230914|ECRITURE DE REGULARISATION 02/2025|467,95|0,00|||20230915||
OD|Operations diverses|OD00079|20230914|514000|Cheques postaux|||OD091033|20230914|ECRITURE DE REGULARISATION 02/2025|0,00|467,95|||20230915||
OD|Operations diverses|OD00080|20230518|635000|Autres impots, taxes et versements assimiles|||OD059207|20230518|ECRITURE DE REGULARISATION 01/2025|1664,29|0,00|||20230525||
OD|Operations diverses|OD00080|20230518|511000|Valeurs a l'encaissement|||OD059207|20230518|ECRITURE DE REGULARISATION 01/2025|0,00|1664,29|||20230525||
OD|Operations diverses|OD00081|20231018|654000|Pertes sur creances irrecouvrables|||OD101192|20231018|ECRITURE DE REGULARISATION 02/2025|1615,44|0,00|||20231021||
OD|Operations diverses|OD00081|20231018|444000|Etat - Impots sur les benefices|||OD101192|20231018|ECRITURE DE REGULARISATION 02/2025|0,00|1615,44|||20231021||
OD|Operations diverses|OD00082|20230622|708500|Ports et frais accessoires factures|||OD063287|20230622|ECRITURE DE REGULARISATION 01/2025|572,00|0,00|||20230624||
OD|Operations diverses|OD00082|20230622|691000|Participation des salaries aux resultats|||OD063287|20230622|ECRITURE DE REGULARISATION 01/2025|0,00|572,00|||20230624||
OD|Operations diverses|OD00083|20231117|468600|Charges a payer|||OD117118|20231117|ECRITURE DE REGULARISATION 01/2025|342,62|0,00|||20231119||
OD|Operations diverses|OD00083|20231117|671000|Charges exceptionnelles sur operations de gestion|||OD117118|20231117|ECRITURE DE REGULARISATION 01/2025|0,00|342,62|||20231119||
OD|Operations diverses|OD00084|20230525|687000|Dot. amort. et provisions exceptionnels|||OD056907|20230525|ECRITURE DE REGULARISATION 02/2025|1445,09|0,00|||20230529||
OD|Operations diverses|OD00084|20230525|468600|Charges a payer|||OD056907|20230525|ECRITURE DE REGULARISATION 02/2025|0,00|1445,09|||20230529||
OD|Operations diverses|OD00085|20230817|201000|Frais d'etablissement|||OD085040|20230817|ECRITURE DE REGULARISATION 01/2025|1453,85|0,00|||20230823||
OD|Operations diverses|OD00085|20230817|512100|Banque secondaire|||OD085040|20230817|ECRITURE DE REGULARISATION 01/2025|0,00|1453,85|||20230823||
OD|Operations diverses|OD00086|20230112|615600|Maintenance|||OD013409|20230112|ECRITURE DE REGULARISATION 02/2025|84,03|0,00|||20230117||
OD|Operations diverses|OD00086|20230112|438200|Charges sociales sur conges a payer|||OD013409|20230112|ECRITURE DE REGULARISATION 02/2025|0,00|84,03|||20230117||
OD|Operations diverses|OD00087|20230707|628100|Concours divers (cotisations...)|||OD077170|20230707|ECRITURE DE REGULARISATION 02/2025|1717,28|0,00|||20230712||
OD|Operations diverses|OD00087|20230707|445870|TVA sur factures a etablir|||OD077170|20230707|ECRITURE DE REGULARISATION 02/2025|0,00|1717,28|||20230712||
OD|Operations diverses|OD00088|20230929|681500|Dot. provisions pour risques et charges d'exploitation|||OD092413|20230929|ECRITURE DE REGULARISATION 02/2025|1838,52|0,00|||20231001||
OD|Operations diverses|OD00088|20230929|445520|TVA due intracommunautaire|||OD092413|20230929|ECRITURE DE REGULARISATION 02/2025|0,00|1838,52|||20231001||
OD|Operations diverses|OD00089|20230605|654000|Pertes sur creances irrecouvrables|||OD065242|20230605|ECRITURE DE REGULARISATION 01/2025|104,88|0,00|||20230606||
OD|Operations diverses|OD00089|20230610|512100|Banque secondaire|||OD065242|20230605|ECRITURE DE REGULARISATION 01/2025|0,00|104,88|||20230606||
OD|Operations diverses|OD00090|20230713|698000|Integration fiscale - Charges|||OD072559|20230713|ECRITURE DE REGULARISATION 01/2025|496,26|0,00|||20230720||
OD|Operations diverses|OD00090|20230713|445860|TVA sur factures non parvenues|||OD072559|20230713|ECRITURE DE REGULARISATION 01/2025|0,00|496,26|||20230720||
OD|Operations diverses|OD00091|20231122|651000|Redevances pour concessions, brevets, licences, etc.|||OD117691|20231122|ECRITURE DE REGULARISATION 02/2025|1307,49|0,00|||20231125||
OD|Operations diverses|OD00091|20231122|514000|Cheques postaux|||OD117691|20231122|ECRITURE DE REGULARISATION 02/2025|0,00|1307,49|||20231125||
OD|Operations diverses|OD00092|20230324|764000|Revenus des valeurs mobilieres de placement|||OD037025|20230324|ECRITURE DE REGULARISATION 01/2025|637,65|0,00|||20230324||
OD|Operations diverses|OD00092|20230324|281350|Amort. installations generales|||OD037025|20230324|ECRITURE DE REGULARISATION 01/2025|0,00|637,65|||20230324||
OD|Operations diverses|OD00093|20231222|311000|Matieres premieres|||OD124157|20231222|ECRITURE DE REGULARISATION 01/2025|405,16|0,00|||20231225||
OD|Operations diverses|OD00093|20231222|416000|Clients douteux|||OD124157|20231222|ECRITURE DE REGULARISATION 01/2025|0,00|405,16|||20231225||
OD|Operations diverses|OD00094|20230908|467000|Autres comptes debiteurs ou crediteurs|||OD098527|20230908|ECRITURE DE REGULARISATION 01/2025|915,74|0,00|||20230911||
OD|Operations diverses|OD00094|20230908|355000|Produits finis (groupe)|||OD098527|20230908|ECRITURE DE REGULARISATION 01/2025|0,00|915,74|||20230911||
OD|Operations diverses|OD00095|20231220|625700|Receptions|||OD122793|20231220|ECRITURE DE REGULARISATION 01/2025|56,63|0,00|||20231221||
OD|Operations diverses|OD00095|20231220|486000|Charges constatees d'avance|||OD122793|20231220|ECRITURE DE REGULARISATION 01/2025|0,00|56,63|||20231221||
OD|Operations diverses|OD00096|20230915|444000|Etat - Impots sur les benefices|||OD097049|20230915|ECRITURE DE REGULARISATION 02/2025|487,78|0,00|||20230918||
OD|Operations diverses|OD00096|20230915|606300|Fournitures d'entretien et petit equipement|||OD097049|20230915|ECRITURE DE REGULARISATION 02/2025|0,00|487,78|||20230918||
OD|Operations diverses|OD00097|20231003|427000|Personnel - Oppositions|||OD103594|20231003|ECRITURE DE REGULARISATION 01/2025|255,00|0,00|||20231008||
OD|Operations diverses|OD00097|20231003|615500|Entretien et reparations sur biens mobiliers|||OD103594|20231003|ECRITURE DE REGULARISATION 01/2025|0,00|255,00|||20231008||
OD|Operations diverses|OD00098|20230120|355000|Produits finis (groupe)|||OD011058|20230120|ECRITURE DE REGULARISATION 01/2025|865,98|0,00|||20230124||
OD|Operations diverses|OD00098|20230120|613200|Locations immobilieres|||OD011058|20230120|ECRITURE DE REGULARISATION 01/2025|0,00|865,98|||20230124||
OD|Operations diverses|OD00099|20230426|618500|Frais de colloques, seminaires, conferences|||OD042037|20230426|ECRITURE DE REGULARISATION 01/2025|364,96|0,00|||20230430||
OD|Operations diverses|OD00099|20230426|530000|Caisse|||OD042037|20230426|ECRITURE DE REGULARISATION 01/2025|0,00|364,96|||20230430||
OD|Operations diverses|OD00100|20231017|201000|Frais d'etablissement|||OD108645|20231017|ECRITURE DE REGULARISATION 01/2025|12055,94|0,00|||20231020||
OD|Operations diverses|OD00100|20231017|512000|Banque principale|||OD108645|20231017|ECRITURE DE REGULARISATION 01/2025|0,00|12055,94|||20231020||
OD|Operations diverses|OD00101|20230307|761000|Produits de participations|||OD035131|20230307|ECRITURE DE REGULARISATION 01/2025|1426,69|0,00|||20230311||
OD|Operations diverses|OD00101|20230307|671000|Charges exceptionnelles sur operations de gestion|||OD035131|20230307|ECRITURE DE REGULARISATION 01/2025|0,00|1426,69|||20230311||
OD|Operations diverses|OD00102|20230203|213100|Constructions - Batiments|||OD026957|20230203|ECRITURE DE REGULARISATION 01/2025|3448,24|0,00|||20230207||
OD|Operations diverses|OD00102|20230203|512100|Banque secondaire|||OD026957|20230203|ECRITURE DE REGULARISATION 01/2025|0,00|3448,24|||20230207||
OD|Operations diverses|OD00103|20231222|408100|Fournisseurs - Factures non parvenues|||OD124948|20231222|ECRITURE DE REGULARISATION 01/2025|333,43|0,00|||20231228||
OD|Operations diverses|OD00103|20231222|654000|Pertes sur creances irrecouvrables|||OD124948|20231222|ECRITURE DE REGULARISATION 01/2025|0,00|333,43|||20231228||
OD|Operations diverses|OD00104|20230804|681500|Dot. provisions pour risques et charges d'exploitation|||OD088790|20230804|ECRITURE DE REGULARISATION 01/2025|1158,32|0,00|||20230808||
OD|Operations diverses|OD00104|20230804|437000|Autres organismes sociaux|||OD088790|20230804|ECRITURE DE REGULARISATION 01/2025|0,00|1158,32|||20230808||
OD|Operations diverses|OD00105|20230117|623100|Annonces et insertions|||OD013170|20230117|ECRITURE DE REGULARISATION 01/2025|424,24|0,00|||20230123||
OD|Operations diverses|OD00105|20230117|444000|Etat - Impots sur les benefices|||OD013170|20230117|ECRITURE DE REGULARISATION 01/2025|0,00|424,24|||20230123||
OD|Operations diverses|OD00106|20230228|425000|Personnel - Avances et acomptes|||OD027555|20230228|ECRITURE DE REGULARISATION 02/2025|821,86|0,00|||20230306||
OD|Operations diverses|OD00106|20230228|580000|Virements internes|||OD027555|20230228|ECRITURE DE REGULARISATION 02/2025|0,00|821,86|||20230306||
OD|Operations diverses|OD00107|20231228|613200|Locations immobilieres|||OD125948|20231228|ECRITURE DE REGULARISATION 01/2025|630,29|0,00|||20231230||
OD|Operations diverses|OD00107|20231228|467000|Autres comptes debiteurs ou crediteurs|||OD125948|20231228|ECRITURE DE REGULARISATION 01/2025|0,00|630,29|||20231230||
OD|Operations diverses|OD00108|20230327|781740|Reprises sur provisions sur creances|||OD035000|20230327|ECRITURE DE REGULARISATION 01/2025|44,41|0,00|||20230403||
OD|Operations diverses|OD00108|20230327|606300|Fournitures d'entretien et petit equipement|||OD035000|20230327|ECRITURE DE REGULARISATION 01/2025|0,00|44,41|||20230403||
OD|Operations diverses|OD00109|20231220|654000|Pertes sur creances irrecouvrables|||OD127384|20231220|ECRITURE DE REGULARISATION 02/2025|1669,50|0,00|||20231223||
OD|Operations diverses|OD00109|20231220|518700|Interets courus a recevoir|||OD127384|20231220|ECRITURE DE REGULARISATION 02/2025|0,00|1669,50|||20231223||
OD|Operations diverses|OD00110|20231122|618500|Frais de colloques, seminaires, conferences|||OD114585|20231122|ECRITURE DE REGULARISATION 02/2025|15,16|0,00|||20231128||
OD|Operations diverses|OD00110|20231122|438200|Charges sociales sur conges a payer|||OD114585|20231122|ECRITURE DE REGULARISATION 02/2025|0,00|15,16|||20231128||
OD|Operations diverses|OD00111|20230718|164000|Emprunts aupres des etablissements de credit|||OD073553|20230718|ECRITURE DE REGULARISATION 01/2025|472,83|0,00|||20230720||
OD|Operations diverses|OD00111|20230718|758000|Produits divers de gestion courante|||OD073553|20230718|ECRITURE DE REGULARISATION 01/2025|0,00|472,83|||20230720||
OD|Operations diverses|OD00112|20231215|758000|Produits divers de gestion courante|||OD127912|20231215|ECRITURE DE REGULARISATION 01/2025|1852,79|0,00|||20231219||
OD|Operations diverses|OD00112|20231215|411000|Clients|C00004|CLIENT DELTA|OD127912|20231215|ECRITURE DE REGULARISATION 01/2025|0,00|1852,79|C6|20231216|20231219||
OD|Operations diverses|OD00113|20230217|654000|Pertes sur creances irrecouvrables|||OD022658|20230217|ECRITURE DE REGULARISATION 01/2025|130,37|0,00|||20230220||
OD|Operations diverses|OD00113|20230217|441000|Etat - Impot sur les benefices|||OD022658|20230217|ECRITURE DE REGULARISATION 01/2025|0,00|130,37|||20230220||
OD|Operations diverses|OD00114|20230203|512000|Banque principale|||OD029921|20230203|ECRITURE DE REGULARISATION 01/2025|8601,99|0,00|||20230206||
OD|Operations diverses|OD00114|20230203|622600|Honoraires|||OD029921|20230203|ECRITURE DE REGULARISATION 01/2025|0,00|8601,99|||20230206||
OD|Operations diverses|OD00115|20230515|514000|Cheques postaux|||OD053670|20230515|ECRITURE DE REGULARISATION 01/2025|500,90|0,00|||20230521||
OD|Operations diverses|OD00115|20230515|168800|Interets courus sur emprunts|||OD053670|20230515|ECRITURE DE REGULARISATION 01/2025|0,00|500,90|||20230521||
OD|Operations diverses|OD00116|20230117|487000|Produits constates d'avance|||OD011094|20230117|ECRITURE DE REGULARISATION 02/2025|658,30|0,00|||20230119||
OD|Operations diverses|OD00116|20230117|626000|Frais postaux et de telecommunications|||OD011094|20230117|ECRITURE DE REGULARISATION 02/2025|0,00|658,30|||20230119||
OD|Operations diverses|OD00117|20230328|355000|Produits finis (groupe)|||OD036909|20230328|ECRITURE DE REGULARISATION 02/2025|395,04|0,00|||20230328||
OD|Operations diverses|OD00117|20230328|281820|Amort. materiel de transport|||OD036909|20230328|ECRITURE DE REGULARISATION 02/2025|0,00|395,04|||20230328||
OD|Operations diverses|OD00118|20230628|791000|Transferts de charges d'exploitation|||OD067794|20230628|ECRITURE DE REGULARISATION 01/2025|263,51|0,00|||20230703||
OD|Operations diverses|OD00118|20230628|658000|Charges diverses de gestion courante|||OD067794|20230628|ECRITURE DE REGULARISATION 01/2025|0,00|263,51|||20230703||
OD|Operations diverses|OD00119|20230704|203000|Frais de recherche et developpement|||OD074176|20230704|ECRITURE DE REGULARISATION 01/2025|999,00|0,00|||20230704||
OD|Operations diverses|OD00119|20230704|512000|Banque principale|||OD074176|20230704|ECRITURE DE REGULARISATION 01/2025|0,00|999,00|||20230704||
OD|Operations diverses|OD00120|20230210|371000|Stock de marchandises|||OD025322|20230210|ECRITURE DE REGULARISATION 01/2025|243,27|0,00|||20230211||
OD|Operations diverses|OD00120|20230210|611000|Sous-traitance generale|||OD025322|20230210|ECRITURE DE REGULARISATION 01/2025|0,00|243,27|||20230211||
OD|Operations diverses|OD00121|20230721|165000|Depots et cautionnements recus|||OD072454|20230721|ECRITURE DE REGULARISATION 01/2025|777,37|0,00|||20230724||
OD|Operations diverses|OD00121|20230721|671000|Charges exceptionnelles sur operations de gestion|||OD072454|20230721|ECRITURE DE REGULARISATION 01/2025|0,00|777,37|||20230724||
OD|Operations diverses|OD00122|20231011|205000|Logiciels|||OD103867|20231011|ECRITURE DE REGULARISATION 02/2025|18732,79|0,00|||20231014||
OD|Operations diverses|OD00122|20231011|512000|Banque principale|||OD103867|20231011|ECRITURE DE REGULARISATION 02/2025|0,00|18732,79|||20231014||
OD|Operations diverses|OD00123|20231006|614000|Charges locatives|||OD105383|20231006|ECRITURE DE REGULARISATION 02/2025|1542,92|0,00|||20231012||
OD|Operations diverses|OD00123|20231006|409100|Fournisseurs - Avances et acomptes verses|||OD105383|20231006|ECRITURE DE REGULARISATION 02/2025|0,00|1542,92|||20231012||
OD|Operations diverses|OD00124|20230202|606300|Fournitures d'entretien et petit equipement|||OD021313|20230202|ECRITURE DE REGULARISATION 01/2025|849,51|0,00|||20230208||
OD|Operations diverses|OD00124|20230202|431000|Securite sociale|||OD021313|20230202|ECRITURE DE REGULARISATION 01/2025|0,00|849,51|||20230208||
OD|Operations diverses|OD00125|20230303|658000|Charges diverses de gestion courante|||OD038172|20230303|ECRITURE DE REGULARISATION 01/2025|494,78|0,00|||20230309||
OD|Operations diverses|OD00125|20230303|517000|Autres organismes financiers|||OD038172|20230303|ECRITURE DE REGULARISATION 01/2025|0,00|494,78|||20230309||
OD|Operations diverses|OD00126|20230127|218200|Materiel de transport|||OD012352|20230127|ECRITURE DE REGULARISATION 02/2025|19467,41|0,00|||20230127||
OD|Operations diverses|OD00126|20230127|512100|Banque secondaire|||OD012352|20230127|ECRITURE DE REGULARISATION 02/2025|0,00|19467,41|||20230127||
OD|Operations diverses|OD00127|20230410|633000|Impots, taxes et versements assimiles sur remunerations (autres organismes)|||OD043589|20230410|ECRITURE DE REGULARISATION 02/2025|1580,45|0,00|||20230412||
OD|Operations diverses|OD00127|20230410|518100|Interets courus a payer|||OD043589|20230410|ECRITURE DE REGULARISATION 02/2025|0,00|1580,45|||20230412||
OD|Operations diverses|OD00128|20230331|512000|Banque principale|||OD034663|20230331|ECRITURE DE REGULARISATION 01/2025|9297,29|0,00|||20230406||
OD|Operations diverses|OD00128|20230331|622700|Frais d'actes et de contentieux|||OD034663|20230331|ECRITURE DE REGULARISATION 01/2025|0,00|9297,29|||20230406||
OD|Operations diverses|OD00129|20230508|671000|Charges exceptionnelles sur operations de gestion|||OD057677|20230508|ECRITURE DE REGULARISATION 02/2025|824,97|0,00|||20230511||
OD|Operations diverses|OD00129|20230508|401000|Fournisseurs|F00001|DALKIA FRANCE|OD057677|20230508|ECRITURE DE REGULARISATION 02/2025|0,00|824,97|Z3|20231229|20230511||
OD|Operations diverses|OD00130|20231017|213100|Constructions - Batiments|||OD104134|20231017|ECRITURE DE REGULARISATION 01/2025|2214,23|0,00|||20231017||
OD|Operations diverses|OD00130|20231017|512100|Banque secondaire|||OD104134|20231017|ECRITURE DE REGULARISATION 01/2025|0,00|2214,23|||20231017||
OD|Operations diverses|OD00131|20231122|486000|Charges constatees d'avance|||OD112442|20231122|ECRITURE DE REGULARISATION 01/2025|300,41|0,00|||20231127||
OD|Operations diverses|OD00131|20231122|666000|Pertes de change|||OD112442|20231122|ECRITURE DE REGULARISATION 01/2025|0,00|300,41|||20231127||
OD|Operations diverses|OD00132|20231215|455000|Associes - Comptes courants|||OD129930|20231215|ECRITURE DE REGULARISATION 02/2025|676,88|0,00|||20231215||
OD|Operations diverses|OD00132|20231215|512000|Banque principale|||OD129930|20231215|ECRITURE DE REGULARISATION 02/2025|0,00|676,88|||20231215||
OD|Operations diverses|OD00133|20231204|281350|Amort. installations generales|||OD129844|20231204|ECRITURE DE REGULARISATION 02/2025|12849,24|0,00|||20231209||
OD|Operations diverses|OD00133|20231204|404000|Fournisseurs d'immobilisations|||OD129844|20231204|ECRITURE DE REGULARISATION 02/2025|0,00|12849,24|||20231209||
OD|Operations diverses|OD00134|20230926|701000|Ventes de produits finis|||OD091477|20230926|ECRITURE DE REGULARISATION 01/2025|1013,40|0,00|||20230929||
OD|Operations diverses|OD00134|20230926|218200|Materiel de transport|||OD091477|20230926|ECRITURE DE REGULARISATION 01/2025|0,00|1013,40|||20230929||
OD|Operations diverses|OD00135|20230317|642000|Remunerations des dirigeants|||OD031011|20230317|ECRITURE DE REGULARISATION 02/2025|961,79|0,00|||20230320||
OD|Operations diverses|OD00135|20230317|431000|Securite sociale|||OD031011|20230317|ECRITURE DE REGULARISATION 02/2025|0,00|961,79|||20230320||
OD|Operations diverses|OD00136|20231117|623400|Cadeaux a la clientele|||OD112617|20231117|ECRITURE DE REGULARISATION 02/2025|878,17|0,00|||20231121||
OD|Operations diverses|OD00136|20231117|445520|TVA due intracommunautaire|||OD112617|20231117|ECRITURE DE REGULARISATION 02/2025|0,00|878,17|||20231121||
OD|Operations diverses|OD00137|20230310|623000|Publicite, publications, relations publiques|||OD036404|20230310|ECRITURE DE REGULARISATION 01/2025|1915,04|0,00|||20230313||
OD|Operations diverses|OD00137|20230310|447100|Autres impots, taxes et versements assimiles|||OD036404|20230310|ECRITURE DE REGULARISATION 01/2025|0,00|1915,04|||20230313||
OD|Operations diverses|OD00138|20230407|615500|Entretien et reparations sur biens mobiliers|||OD049072|20230407|ECRITURE DE REGULARISATION 01/2025|1579,28|0,00|||20230413||
OD|Operations diverses|OD00138|20230407|445710|TVA collectee a payer|||OD049072|20230407|ECRITURE DE REGULARISATION 01/2025|0,00|1579,28|||20230413||
OD|Operations diverses|OD00139|20230203|681110|Dot. amort. sur immo. incorporelles|||OD028844|20230203|ECRITURE DE REGULARISATION 01/2025|1478,64|0,00|||20230203||
OD|Operations diverses|OD00139|20230203|408400|Fournisseurs d'immobilisations - Factures non parvenues|||OD028844|20230203|ECRITURE DE REGULARISATION 01/2025|0,00|1478,64|||20230203||
OD|Operations diverses|OD00140|20231030|428200|Personnel - Conges payes|||OD103181|20231030|ECRITURE DE REGULARISATION 01/2025|391,08|0,00|||20231030||
OD|Operations diverses|OD00140|20231030|131800|Autres subventions d'investissement|||OD103181|20231030|ECRITURE DE REGULARISATION 01/2025|0,00|391,08|||20231030||
OD|Operations diverses|OD00141|20231026|613500|Locations mobilieres|||OD108676|20231026|ECRITURE DE REGULARISATION 01/2025|45,64|0,00|||20231029||
OD|Operations diverses|OD00141|20231026|421000|Personnel - Remunerations dues|||OD108676|20231026|ECRITURE DE REGULARISATION 01/2025|0,00|45,64|||20231029||
OD|Operations diverses|OD00142|20231208|411000|Clients|C00003|CLIENT GAMMA|OD122645|20231208|ECRITURE DE REGULARISATION 02/2025|6516,88|0,00|||20231211||
OD|Operations diverses|OD00142|20231208|530000|Caisse|||OD122645|20231208|ECRITURE DE REGULARISATION 02/2025|0,00|6516,88|||20231211||
OD|Operations diverses|OD00143|20230210|397100|Depreciation des stocks de marchandises|||OD026428|20230210|ECRITURE DE REGULARISATION 02/2025|203,51|0,00|||20230213||
OD|Operations diverses|OD00143|20230210|706000|Prestations de services|||OD026428|20230210|ECRITURE DE REGULARISATION 02/2025|0,00|203,51|||20230213||
OD|Operations diverses|OD00144|20230810|411000|Clients|C00008|CLIENT THETA|OD086002|20230810|ECRITURE DE REGULARISATION 01/2025|7804,90|0,00|||20230815||
OD|Operations diverses|OD00144|20230810|786500|Reprises sur provisions pour risques et charges financiers|||OD086002|20230810|ECRITURE DE REGULARISATION 01/2025|0,00|7804,90|||20230815||
OD|Operations diverses|OD00145|20230214|764000|Revenus des valeurs mobilieres de placement|||OD026949|20230214|ECRITURE DE REGULARISATION 02/2025|981,54|0,00|||20230216||
OD|Operations diverses|OD00145|20230214|427000|Personnel - Oppositions|||OD026949|20230214|ECRITURE DE REGULARISATION 02/2025|0,00|981,54|||20230216||
OD|Operations diverses|OD00146|20230126|280500|Amort. logiciels|||OD019021|20230126|ECRITURE DE REGULARISATION 01/2025|9676,09|0,00|||20230131||
OD|Operations diverses|OD00146|20230126|512000|Banque principale|||OD019021|20230126|ECRITURE DE REGULARISATION 01/2025|0,00|9676,09|||20230131||
OD|Operations diverses|OD00147|20231229|777000|Quote-part des subventions d'investissement viree au resultat|||OD121340|20231229|ECRITURE DE REGULARISATION 02/2025|761,92|0,00|||20231231||
OD|Operations diverses|OD00147|20231229|468600|Charges a payer|||OD121340|20231229|ECRITURE DE REGULARISATION 02/2025|0,00|761,92|||20231231||
OD|Operations diverses|OD00148|20230215|165000|Depots et cautionnements recus|||OD028582|20230215|ECRITURE DE REGULARISATION 02/2025|207,54|0,00|||20230215||
OD|Operations diverses|OD00148|20230215|444000|Etat - Impots sur les benefices|||OD028582|20230215|ECRITURE DE REGULARISATION 02/2025|0,00|207,54|||20230215||
OD|Operations diverses|OD00149|20230913|428200|Personnel - Conges payes|||OD094488|20230913|ECRITURE DE REGULARISATION 01/2025|691,85|0,00|||20230915||
OD|Operations diverses|OD00149|20230913|707000|Ventes de marchandises|||OD094488|20230913|ECRITURE DE REGULARISATION 01/2025|0,00|691,85|||20230915||
OD|Operations diverses|OD00150|20231222|530000|Caisse|||OD124314|20231222|ECRITURE DE REGULARISATION 02/2025|43,93|0,00|||20231225||
OD|Operations diverses|OD00150|20231222|438200|Charges sociales sur conges a payer|||OD124314|20231222|ECRITURE DE REGULARISATION 02/2025|0,00|43,93|||20231225||
OD|Operations diverses|OD00151|20230725|622700|Frais d'actes et de contentieux|||OD074343|20230725|ECRITURE DE REGULARISATION 01/2025|768,88|0,00|||20230727||
OD|Operations diverses|OD00151|20230725|530000|Caisse|||OD074343|20230725|ECRITURE DE REGULARISATION 01/2025|0,00|768,88|||20230727||
OD|Operations diverses|OD00152|20231201|486000|Charges constatees d'avance|||OD125163|20231201|ECRITURE DE REGULARISATION 02/2025|496,06|0,00|||20231207||
OD|Operations diverses|OD00152|20231201|645000|Charges de securite sociale et de prevoyance|||OD125163|20231201|ECRITURE DE REGULARISATION 02/2025|0,00|496,06|||20231207||
OD|Operations diverses|OD00153|20230915|681110|Dot. amort. sur immo. incorporelles|||OD098794|20230915|ECRITURE DE REGULARISATION 01/2025|312,54|0,00|||20230915||
OD|Operations diverses|OD00153|20230915|431000|Securite sociale|||OD098794|20230915|ECRITURE DE REGULARISATION 01/2025|0,00|312,54|||20230915||
OD|Operations diverses|OD00154|20230210|796000|Transferts de charges financieres|||OD021246|20230210|ECRITURE DE REGULARISATION 01/2025|1873,08|0,00|||20230215||
OD|Operations diverses|OD00154|20230210|681740|Dot. provisions sur creances|||OD021246|20230210|ECRITURE DE REGULARISATION 01/2025|0,00|1873,08|||20230215||
OD|Operations diverses|OD00155|20230530|623100|Annonces et insertions|||OD055539|20230530|ECRITURE DE REGULARISATION 01/2025|500,69|0,00|||20230605||
OD|Operations diverses|OD00155|20230530|441000|Etat - Impot sur les benefices|||OD055539|20230530|ECRITURE DE REGULARISATION 01/2025|0,00|500,69|||20230605||
OD|Operations diverses|OD00156|20230619|614000|Charges locatives|||OD061774|20230619|ECRITURE DE REGULARISATION 01/2025|1506,32|0,00|||20230624||
OD|Operations diverses|OD00156|20230619|467000|Autres comptes debiteurs ou crediteurs|||OD061774|20230619|ECRITURE DE REGULARISATION 01/2025|0,00|1506,32|||20230624||
OD|Operations diverses|OD00157|20230728|612000|Redevances de credit-bail|||OD078519|20230728|ECRITURE DE REGULARISATION 01/2025|759,59|0,00|||20230801||
OD|Operations diverses|OD00157|20230728|441000|Etat - Impot sur les benefices|||OD078519|20230728|ECRITURE DE REGULARISATION 01/2025|0,00|759,59|||20230801||
OD|Operations diverses|OD00158|20230111|467000|Autres comptes debiteurs ou crediteurs|||OD016748|20230111|ECRITURE DE REGULARISATION 01/2025|825,55|0,00|||20230114||
OD|Operations diverses|OD00158|20230114|633000|Impots, taxes et versements assimiles sur remunerations (autres organismes)|||OD016748|20230111|ECRITURE DE REGULARISATION 01/2025|0,00|825,55|||20230114||
OD|Operations diverses|OD00159|20231229|606400|Fournitures administratives|||OD129633|20231229|ECRITURE DE REGULARISATION 02/2025|1680,01|0,00|||20231230||
OD|Operations diverses|OD00159|20231229|408400|Fournisseurs d'immobilisations - Factures non parvenues|||OD129633|20231229|ECRITURE DE REGULARISATION 02/2025|0,00|1680,01|||20231230||
OD|Operations diverses|OD00160|20230629|641000|Remunerations du personnel|||OD063896|20230629|ECRITURE DE REGULARISATION 02/2025|826,65|0,00|||20230704||
OD|Operations diverses|OD00160|20230701|428200|Personnel - Conges payes|||OD063896|20230629|ECRITURE DE REGULARISATION 02/2025|0,00|826,65|||20230704||
VE|Ventes|VE00001|20231213|413000|Clients - Effets a recevoir|||VE128575|20231213|FACT CLIENT CLIENT GAMMA 17134|849,53|0,00|||20231213||
VE|Ventes|VE00001|20231213|421000|Personnel - Remunerations dues|||VE128575|20231213|FACT CLIENT CLIENT GAMMA 17134|0,00|849,53|||20231213||
VE|Ventes|VE00002|20231215|706000|Prestations de services|||VE123154|20231215|FACT CLIENT CLIENT DELTA 430095|1412,69|0,00|||20231216||
VE|Ventes|VE00002|20231215|647000|Autres charges sociales|||VE123154|20231215|FACT CLIENT CLIENT DELTA 430095|0,00|1412,69|||20231216||
VE|Ventes|VE00003|20230320|413000|Clients - Effets a recevoir|||VE037254|20230320|FACT CLIENT CLIENT ALPHA 792850|495,25|0,00|||20230321||
VE|Ventes|VE00003|20230320|512000|Banque principale|||VE037254|20230320|FACT CLIENT CLIENT ALPHA 792850|0,00|495,25|||20230321||
VE|Ventes|VE00004|20231201|701000|Ventes de produits finis|||VE124404|20231201|FACT CLIENT CLIENT DELTA 313044|1560,10|0,00|||20231203||
VE|Ventes|VE00004|20231201|763000|Revenus des autres creances|||VE124404|20231201|FACT CLIENT CLIENT DELTA 313044|0,00|1560,10|||20231203||
VE|Ventes|VE00005|20230908|701000|Ventes de produits finis|||VE096518|20230908|FACT CLIENT CLIENT ALPHA 365713|814,91|0,00|||20230913||
VE|Ventes|VE00005|20230908|681500|Dot. provisions pour risques et charges d'exploitation|||VE096518|20230908|FACT CLIENT CLIENT ALPHA 365713|0,00|814,91|||20230913||
VE|Ventes|VE00006|20230321|701000|Ventes de produits finis|||VE038591|20230321|FACT CLIENT CLIENT BETA 154870|1061,94|0,00|||20230325||
VE|Ventes|VE00006|20230321|771000|Produits exceptionnels sur operations de gestion|||VE038591|20230321|FACT CLIENT CLIENT BETA 154870|0,00|1061,94|||20230325||
VE|Ventes|VE00007|20230901|706000|Prestations de services|||VE094851|20230901|FACT CLIENT CLIENT BETA 991010|142,58|0,00|||20230905||
VE|Ventes|VE00007|20230901|512000|Banque principale|||VE094851|20230901|FACT CLIENT CLIENT BETA 991010|0,00|142,58|||20230905||
VE|Ventes|VE00008|20230330|708500|Ports et frais accessoires factures|||VE035730|20230330|FACT CLIENT CLIENT EPSILON 584934|1924,44|0,00|||20230401||
VE|Ventes|VE00008|20230330|106800|Autres reserves|||VE035730|20230330|FACT CLIENT CLIENT EPSILON 584934|0,00|1924,44|||20230401||
VE|Ventes|VE00009|20231122|709000|Rabais, remises et ristournes accordes|||VE114891|20231122|FACT CLIENT CLIENT BETA 632165|1098,85|0,00|||20231122||
VE|Ventes|VE00009|20231122|625100|Voyages et deplacements|||VE114891|20231122|FACT CLIENT CLIENT BETA 632165|0,00|1098,85|||20231122||
VE|Ventes|VE00010|20230915|708500|Ports et frais accessoires factures|||VE091194|20230915|FACT CLIENT CLIENT ALPHA 109262|580,20|0,00|||20230922||
VE|Ventes|VE00010|20230915|618500|Frais de colloques, seminaires, conferences|||VE091194|20230915|FACT CLIENT CLIENT ALPHA 109262|0,00|580,20|||20230922||
VE|Ventes|VE00011|20230517|701000|Ventes de produits finis|||VE057047|20230517|FACT CLIENT CLIENT EPSILON 523885|191,73|0,00|||20230517||
VE|Ventes|VE00011|20230517|687000|Dot. amort. et provisions exceptionnels|||VE057047|20230517|FACT CLIENT CLIENT EPSILON 523885|0,00|191,73|||20230517||
VE|Ventes|VE00012|20230404|416000|Clients douteux|||VE057047|20230404|FACT CLIENT CLIENT DELTA 943839|447,30|0,00|||20230407||
VE|Ventes|VE00012|20230404|106100|Reserve legale|||VE044540|20230404|FACT CLIENT CLIENT DELTA 943839|0,00|447,30|||20230407||
VE|Ventes|VE00013|20230203|413000|Clients - Effets a recevoir|||VE024862|20230203|FACT CLIENT CLIENT ALPHA 326666|743,56|0,00|||20230209||
VE|Ventes|VE00013|20230203|416000|Clients douteux|||VE024862|20230203|FACT CLIENT CLIENT ALPHA 326666|0,00|743,56|||20230209||
VE|Ventes|VE00014|20231020|419100|Clients - Avances et acomptes recus|||VE103995|20231020|FACT CLIENT CLIENT BETA 464071|308,94|0,00|||20231026||
VE|Ventes|VE00014|20231020|425000|Personnel - Avances et acomptes|||VE103995|20231020|FACT CLIENT CLIENT BETA 464071|0,00|308,94|||20231026||
VE|Ventes|VE00015|20230829|419100|Clients - Avances et acomptes recus|||VE084401|20230829|FACT CLIENT CLIENT ALPHA 44017|885,12|0,00|||20230904||
VE|Ventes|VE00015|20230829|445510|TVA a decaisser|||VE084401|20230829|FACT CLIENT CLIENT ALPHA 44017|0,00|885,12|||20230904||
VE|Ventes|VE00016|20230426|418100|Clients - Factures a etablir|||VE042649|20230426|FACT CLIENT CLIENT BETA 709197|196,09|0,00|||20230429||
VE|Ventes|VE00016|20230426|355000|Produits finis (groupe)|||VE042649|20230426|FACT CLIENT CLIENT BETA 709197|0,00|196,09|||20230429||
VE|Ventes|VE00017|20230207|413000|Clients - Effets a recevoir|||VE029796|20230207|FACT CLIENT CLIENT GAMMA 182108|114,21|0,00|||20230213||
VE|Ventes|VE00017|20230207|618100|Documentation generale|||VE029796|20230207|FACT CLIENT CLIENT GAMMA 182108|0,00|114,21|||20230213||
VE|Ventes|VE00018|20231030|706000|Prestations de services|||VE106411|20231030|FACT CLIENT CLIENT DELTA 829517|1273,58|0,00|||20231105||
VE|Ventes|VE00018|20231030|211000|Terrains|||VE106411|20231030|FACT CLIENT CLIENT DELTA 829517|0,00|1273,58|||20231105||
VE|Ventes|VE00019|20230310|707000|Ventes de marchandises|||VE039915|20230310|FACT CLIENT CLIENT EPSILON 408882|1189,94|0,00|||20230316||
VE|Ventes|VE00019|20230310|471000|Compte d'attente|||VE039915|20230310|FACT CLIENT CLIENT EPSILON 408882|0,00|1189,94|||20230316||
VE|Ventes|VE00020|20230719|416000|Clients douteux|||VE075006|20230719|FACT CLIENT CLIENT DELTA 974546|64,70|0,00|||20230721||
VE|Ventes|VE00020|20230719|165000|Depots et cautionnements recus|||VE075006|20230719|FACT CLIENT CLIENT DELTA 974546|0,00|64,70|||20230721||
VE|Ventes|VE00021|20231218|701000|Ventes de produits finis|||VE121701|20231218|FACT CLIENT CLIENT BETA 391849|1337,87|0,00|||20231222||
VE|Ventes|VE00021|20231218|218300|Materiel de bureau et informatique|||VE121701|20231218|FACT CLIENT CLIENT BETA 391849|0,00|1337,87|||20231222||
VE|Ventes|VE00022|20230814|416000|Clients douteux|||VE084209|20230814|FACT CLIENT CLIENT ALPHA 604398|813,79|0,00|||20230817||
VE|Ventes|VE00022|20230814|281820|Amort. materiel de transport|||VE084209|20230814|FACT CLIENT CLIENT ALPHA 604398|0,00|813,79|||20230817||
VE|Ventes|VE00023|20230728|709000|Rabais, remises et ristournes accordes|||VE074258|20230728|FACT CLIENT CLIENT EPSILON 509181|620,00|0,00|||20230729||
VE|Ventes|VE00023|20230728|413000|Clients - Effets a recevoir|||VE074258|20230728|FACT CLIENT CLIENT EPSILON 509181|0,00|620,00|||20230729||
VE|Ventes|VE00024|20230523|413000|Clients - Effets a recevoir|||VE052933|20230523|FACT CLIENT CLIENT DELTA 398555|60,75|0,00|||20230526||
VE|Ventes|VE00024|20230523|445620|TVA deductible sur immobilisations|||VE052933|20230523|FACT CLIENT CLIENT DELTA 398555|0,00|60,75|||20230526||
VE|Ventes|VE00025|20231012|416000|Clients douteux|||VE103756|20231012|FACT CLIENT CLIENT ALPHA 946097|277,09|0,00|||20231013||
VE|Ventes|VE00025|20231012|281810|Amort. installations generales|||VE103756|20231012|FACT CLIENT CLIENT ALPHA 946097|0,00|277,09|||20231013||
VE|Ventes|VE00026|20230818|706000|Prestations de services|||VE082745|20230818|FACT CLIENT CLIENT DELTA 908304|344,86|0,00|||20230822||
VE|Ventes|VE00026|20230818|321000|Matieres consommables|||VE082745|20230818|FACT CLIENT CLIENT DELTA 908304|0,00|344,86|||20230822||
VE|Ventes|VE00027|20231012|419100|Clients - Avances et acomptes recus|||VE105452|20231012|FACT CLIENT CLIENT ALPHA 97282|371,75|0,00|||20231019||
VE|Ventes|VE00027|20231012|165000|Depots et cautionnements recus|||VE105452|20231012|FACT CLIENT CLIENT ALPHA 97282|0,00|371,75|||20231019||
VE|Ventes|VE00028|20231206|706000|Prestations de services|||VE127483|20231206|FACT CLIENT CLIENT BETA 239003|1812,04|0,00|||20231208||
VE|Ventes|VE00028|20231206|205000|Logiciels|||VE127483|20231206|FACT CLIENT CLIENT BETA 239003|0,00|1812,04|||20231208||
VE|Ventes|VE00029|20230803|706000|Prestations de services|||VE088251|20230803|FACT CLIENT CLIENT ALPHA 159784|386,18|0,00|||20230804||
VE|Ventes|VE00029|20230803|397100|Depreciation des stocks de marchandises|||VE088251|20230803|FACT CLIENT CLIENT ALPHA 159784|0,00|386,18|||20230804||
VE|Ventes|VE00030|20230707|706000|Prestations de services|||VE075385|20230707|FACT CLIENT CLIENT ALPHA 882983|307,52|0,00|||20230714||
VE|Ventes|VE00030|20230707|791000|Transferts de charges d'exploitation|||VE075385|20230707|FACT CLIENT CLIENT ALPHA 882983|0,00|307,52|||20230714||
VE|Ventes|VE00031|20230511|419100|Clients - Avances et acomptes recus|||VE056244|20230511|FACT CLIENT CLIENT ALPHA 23932|71,25|0,00|||20230518||
VE|Ventes|VE00031|20230511|281820|Amort. materiel de transport|||VE056244|20230511|FACT CLIENT CLIENT ALPHA 23932|0,00|71,25|||20230518||
VE|Ventes|VE00032|20230615|416000|Clients douteux|||VE065141|20230615|FACT CLIENT CLIENT GAMMA 259403|698,07|0,00|||20230622||
VE|Ventes|VE00032|20230615|618100|Documentation generale|||VE065141|20230615|FACT CLIENT CLIENT GAMMA 259403|0,00|698,07|||20230622||
VE|Ventes|VE00033|20230309|706000|Prestations de services|||VE032991|20230309|FACT CLIENT CLIENT DELTA 667919|1558,00|0,00|||20230315||
VE|Ventes|VE00033|20230309|508000|Interets courus sur VMP|||VE032991|20230309|FACT CLIENT CLIENT DELTA 667919|0,00|1558,00|||20230315||
VE|Ventes|VE00034|20230721|419100|Clients - Avances et acomptes recus|||VE074996|20230721|FACT CLIENT CLIENT BETA 466732|528,07|0,00|||20230724||
VE|Ventes|VE00034|20230721|625600|Missions|||VE074996|20230721|FACT CLIENT CLIENT BETA 466732|0,00|528,07|||20230724||
VE|Ventes|VE00035|20230630|419100|Clients - Avances et acomptes recus|||VE062528|20230630|FACT CLIENT CLIENT DELTA 865037|58,15|0,00|||20230706||
VE|Ventes|VE00035|20230630|691000|Participation des salaries aux resultats|||VE062528|20230630|FACT CLIENT CLIENT DELTA 865037|0,00|58,15|||20230706||
VE|Ventes|VE00036|20230922|416000|Clients douteux|||VE091709|20230922|FACT CLIENT CLIENT EPSILON 492159|416,96|0,00|||20230925||
VE|Ventes|VE00036|20230922|413000|Clients - Effets a recevoir|||VE091709|20230922|FACT CLIENT CLIENT EPSILON 492159|0,00|416,96|||20230925||
VE|Ventes|VE00037|20230518|419100|Clients - Avances et acomptes recus|||VE059335|20230518|FACT CLIENT CLIENT EPSILON 258343|474,40|0,00|||20230518||
VE|Ventes|VE00037|20230518|681120|Dot. amort. sur immo. corporelles|||VE059335|20230518|FACT CLIENT CLIENT EPSILON 258343|0,00|474,40|||20230518||
VE|Ventes|VE00038|20230428|708500|Ports et frais accessoires factures|||VE043118|20230428|FACT CLIENT CLIENT GAMMA 774845|275,97|0,00|||20230505||
VE|Ventes|VE00038|20230428|786500|Reprises sur provisions pour risques et charges financiers|||VE043118|20230428|FACT CLIENT CLIENT GAMMA 774845|0,00|275,97|||20230505||
VE|Ventes|VE00039|20230113|709000|Rabais, remises et ristournes accordes|||VE015019|20230113|FACT CLIENT CLIENT GAMMA 39930|1609,72|0,00|||20230117||
VE|Ventes|VE00039|20230113|445710|TVA collectee a payer|||VE015019|20230113|FACT CLIENT CLIENT GAMMA 39930|0,00|1609,72|||20230117||
VE|Ventes|VE00040|20230717|413000|Clients - Effets a recevoir|||VE074931|20230717|FACT CLIENT CLIENT DELTA 169402|86,66|0,00|||20230723||
VE|Ventes|VE00040|20230717|654000|Pertes sur creances irrecouvrables|||VE074931|20230717|FACT CLIENT CLIENT DELTA 169402|0,00|86,66|||20230723||
VE|Ventes|VE00041|20230502|708500|Ports et frais accessoires factures|||VE057949|20230502|FACT CLIENT CLIENT DELTA 837265|78,75|0,00|||20230508||
VE|Ventes|VE00041|20230502|602100|Achats de matieres consommables|||VE057949|20230502|FACT CLIENT CLIENT DELTA 837265|0,00|78,75|||20230508||
VE|Ventes|VE00042|20230912|708500|Ports et frais accessoires factures|||VE099630|20230912|FACT CLIENT CLIENT ALPHA 833314|1170,64|0,00|||20230912||
VE|Ventes|VE00042|20230912|625600|Missions|||VE099630|20230912|FACT CLIENT CLIENT ALPHA 833314|0,00|1170,64|||20230912||
VE|Ventes|VE00043|20230123|413000|Clients - Effets a recevoir|||VE015383|20230123|FACT CLIENT CLIENT GAMMA 942180|742,15|0,00|||20230129||
VE|Ventes|VE00043|20230123|764000|Revenus des valeurs mobilieres de placement|||VE015383|20230123|FACT CLIENT CLIENT GAMMA 942180|0,00|742,15|||20230129||
VE|Ventes|VE00044|20231019|701000|Ventes de produits finis|||VE105984|20231019|FACT CLIENT CLIENT GAMMA 766018|1911,54|0,00|||20231025||
VE|Ventes|VE00044|20231019|681500|Dot. provisions pour risques et charges d'exploitation|||VE105984|20231019|FACT CLIENT CLIENT GAMMA 766018|0,00|1911,54|||20231025||
VE|Ventes|VE00045|20230724|708500|Ports et frais accessoires factures|||VE074238|20230724|FACT CLIENT CLIENT EPSILON 790943|92,51|0,00|||20230725||
VE|Ventes|VE00045|20230724|445710|TVA collectee a payer|||VE074238|20230724|FACT CLIENT CLIENT EPSILON 790943|0,00|92,51|||20230725||
VE|Ventes|VE00046|20230808|708500|Ports et frais accessoires factures|||VE084307|20230808|FACT CLIENT CLIENT EPSILON 229239|573,15|0,00|||20230808||
VE|Ventes|VE00046|20230808|321000|Matieres consommables|||VE084307|20230808|FACT CLIENT CLIENT EPSILON 229239|0,00|573,15|||20230808||
VE|Ventes|VE00047|20230619|707000|Ventes de marchandises|||VE063191|20230619|FACT CLIENT CLIENT EPSILON 49061|793,08|0,00|||20230621||
VE|Ventes|VE00047|20230619|211000|Terrains|||VE063191|20230619|FACT CLIENT CLIENT EPSILON 49061|0,00|793,08|||20230621||
VE|Ventes|VE00048|20230629|418100|Clients - Factures a etablir|||VE063313|20230629|FACT CLIENT CLIENT ALPHA 553075|298,43|0,00|||20230629||
VE|Ventes|VE00048|20230629|621000|Personnel exterieur a l'entreprise|||VE063313|20230629|FACT CLIENT CLIENT ALPHA 553075|0,00|298,43|||20230629||
VE|Ventes|VE00049|20230419|709000|Rabais, remises et ristournes accordes|||VE045003|20230419|FACT CLIENT CLIENT BETA 405820|419,06|0,00|||20230425||
VE|Ventes|VE00049|20230419|416000|Clients douteux|||VE045003|20230419|FACT CLIENT CLIENT BETA 405820|0,00|419,06|||20230425||
VE|Ventes|VE00050|20230202|707000|Ventes de marchandises|||VE021475|20230202|FACT CLIENT CLIENT GAMMA 362242|929,73|0,00|||20230204||
VE|Ventes|VE00050|20230202|403000|Fournisseurs - Effets a payer|||VE021475|20230202|FACT CLIENT CLIENT GAMMA 362242|0,00|929,73|||20230204||
VE|Ventes|VE00051|20230331|416000|Clients douteux|||VE037202|20230331|FACT CLIENT CLIENT GAMMA 288723|645,00|0,00|||20230403||
VE|Ventes|VE00051|20230331|707000|Ventes de marchandises|||VE037202|20230331|FACT CLIENT CLIENT GAMMA 288723|0,00|645,00|||20230403||
VE|Ventes|VE00052|20230529|418100|Clients - Factures a etablir|||VE052461|20230529|FACT CLIENT CLIENT DELTA 965169|451,67|0,00|||20230604||
VE|Ventes|VE00052|20230529|404000|Fournisseurs d'immobilisations|||VE052461|20230529|FACT CLIENT CLIENT DELTA 965169|0,00|451,67|||20230604||
VE|Ventes|VE00053|20230120|701000|Ventes de produits finis|||VE012105|20230120|FACT CLIENT CLIENT DELTA 56060|1079,21|0,00|||20230124||
VE|Ventes|VE00053|20230120|447100|Autres impots, taxes et versements assimiles|||VE012105|20230120|FACT CLIENT CLIENT DELTA 56060|0,00|1079,21|||20230124||
VE|Ventes|VE00054|20230324|418100|Clients - Factures a etablir|||VE033832|20230324|FACT CLIENT CLIENT BETA 783325|799,08|0,00|||20230326||
VE|Ventes|VE00054|20230325|720000|Production immobilisee|||VE033832|20230324|FACT CLIENT CLIENT BETA 783325|0,00|799,08|||20230326||
VE|Ventes|VE00055|20230620|416000|Clients douteux|||VE063192|20230620|FACT CLIENT CLIENT EPSILON 153474|173,12|0,00|||20230626||
VE|Ventes|VE00055|20230620|445870|TVA sur factures a etablir|||VE063192|20230620|FACT CLIENT CLIENT EPSILON 153474|0,00|173,12|||20230626||
VE|Ventes|VE00056|20230821|701000|Ventes de produits finis|||VE081278|20230821|FACT CLIENT CLIENT DELTA 660061|633,25|0,00|||20230826||
VE|Ventes|VE00056|20230821|486000|Charges constatees d'avance|||VE081278|20230821|FACT CLIENT CLIENT DELTA 660061|0,00|633,25|||20230826||
VE|Ventes|VE00057|20230913|416000|Clients douteux|||VE099097|20230913|FACT CLIENT CLIENT BETA 315107|581,10|0,00|||20230913||
VE|Ventes|VE00057|20230913|207000|Fonds commercial|||VE099097|20230913|FACT CLIENT CLIENT BETA 315107|0,00|581,10|||20230913||
VE|Ventes|VE00058|20231222|701000|Ventes de produits finis|||VE121953|20231222|FACT CLIENT CLIENT ALPHA 819739|1597,58|0,00|||20231229||
VE|Ventes|VE00058|20231222|781740|Reprises sur provisions sur creances|||VE121953|20231222|FACT CLIENT CLIENT ALPHA 819739|0,00|1597,58|||20231229||
VE|Ventes|VE00059|20231006|416000|Clients douteux|||VE106746|20231006|FACT CLIENT CLIENT ALPHA 581930|574,44|0,00|||20231006||
VE|Ventes|VE00059|20231006|419100|Clients - Avances et acomptes recus|||VE106746|20231006|FACT CLIENT CLIENT ALPHA 581930|0,00|574,44|||20231006||
VE|Ventes|VE00060|20230207|418100|Clients - Factures a etablir|||VE027337|20230207|FACT CLIENT CLIENT ALPHA 138403|533,99|0,00|||20230211||
VE|Ventes|VE00060|20230207|709000|Rabais, remises et ristournes accordes|||VE027337|20230207|FACT CLIENT CLIENT ALPHA 138403|0,00|533,99|||20230211||
VE|Ventes|VE00061|20230124|708500|Ports et frais accessoires factures|||VE014470|20230124|FACT CLIENT CLIENT GAMMA 838395|1919,12|0,00|||20230124||
VE|Ventes|VE00061|20230124|621000|Personnel exterieur a l'entreprise|||VE014470|20230124|FACT CLIENT CLIENT GAMMA 838395|0,00|1919,12|||20230124||
VE|Ventes|VE00062|20230207|706000|Prestations de services|||VE022935|20230207|FACT CLIENT CLIENT EPSILON 230211|782,60|0,00|||20230209||
VE|Ventes|VE00062|20230207|625100|Voyages et deplacements|||VE022935|20230207|FACT CLIENT CLIENT EPSILON 230211|0,00|782,60|||20230209||
VE|Ventes|VE00063|20230728|413000|Clients - Effets a recevoir|||VE074808|20230728|FACT CLIENT CLIENT EPSILON 59931|617,42|0,00|||20230729||
VE|Ventes|VE00063|20230728|608500|Frais accessoires d'achat|||VE074808|20230728|FACT CLIENT CLIENT EPSILON 59931|0,00|617,42|||20230729||
VE|Ventes|VE00064|20230616|413000|Clients - Effets a recevoir|||VE061460|20230616|FACT CLIENT CLIENT EPSILON 440179|477,14|0,00|||20230620||
VE|Ventes|VE00064|20230616|437000|Autres organismes sociaux|||VE061460|20230616|FACT CLIENT CLIENT EPSILON 440179|0,00|477,14|||20230620||
VE|Ventes|VE00065|20231229|419100|Clients - Avances et acomptes recus|||VE121028|20231229|FACT CLIENT CLIENT ALPHA 300324|168,99|0,00|||20231229||
VE|Ventes|VE00065|20231230|613500|Locations mobilieres|||VE121028|20231229|FACT CLIENT CLIENT ALPHA 300324|0,00|168,99|||20231229||
VE|Ventes|VE00066|20230106|708500|Ports et frais accessoires factures|||VE013167|20230106|FACT CLIENT CLIENT ALPHA 277298|562,77|0,00|||20230106||
VE|Ventes|VE00066|20230106|645000|Charges de securite sociale et de prevoyance|||VE013167|20230106|FACT CLIENT CLIENT ALPHA 277298|0,00|562,77|||20230106||
VE|Ventes|VE00067|20230330|701000|Ventes de produits finis|||VE039803|20230330|FACT CLIENT CLIENT EPSILON 35332|1541,26|0,00|||20230404||
VE|Ventes|VE00067|20230330|491000|Depreciation des comptes clients|||VE039803|20230330|FACT CLIENT CLIENT EPSILON 35332|0,00|1541,26|||20230404||
VE|Ventes|VE00068|20230919|416000|Clients douteux|||VE091509|20230919|FACT CLIENT CLIENT BETA 768309|915,89|0,00|||20230921||
VE|Ventes|VE00068|20230919|681500|Dot. provisions pour risques et charges d'exploitation|||VE091509|20230919|FACT CLIENT CLIENT BETA 768309|0,00|915,89|||20230921||
VE|Ventes|VE00069|20230421|708500|Ports et frais accessoires factures|||VE046542|20230421|FACT CLIENT CLIENT DELTA 425113|1260,89|0,00|||20230423||
VE|Ventes|VE00069|20230422|471000|Compte d'attente|||VE046542|20230421|FACT CLIENT CLIENT DELTA 425113|0,00|1260,89|||20230423||
VE|Ventes|VE00070|20230120|701000|Ventes de produits finis|||VE013856|20230120|FACT CLIENT CLIENT DELTA 240329|1539,89|0,00|||20230122||
VE|Ventes|VE00070|20230120|616000|Primes d'assurance|||VE013856|20230120|FACT CLIENT CLIENT DELTA 240329|0,00|1539,89|||20230122||
VE|Ventes|VE00071|20231102|706000|Prestations de services|||VE112964|20231102|FACT CLIENT CLIENT ALPHA 853460|634,68|0,00|||20231102||
VE|Ventes|VE00071|20231102|612000|Redevances de credit-bail|||VE112964|20231102|FACT CLIENT CLIENT ALPHA 853460|0,00|634,68|||20231102||
VE|Ventes|VE00072|20231120|708500|Ports et frais accessoires factures|||VE111562|20231120|FACT CLIENT CLIENT DELTA 926689|1216,79|0,00|||20231121||
VE|Ventes|VE00072|20231120|281830|Amort. materiel de bureau|||VE111562|20231120|FACT CLIENT CLIENT DELTA 926689|0,00|1216,79|||20231121||
VE|Ventes|VE00073|20230802|411000|Clients|C00004|CLIENT DELTA|VE087406|20230802|FACT CLIENT CLIENT EPSILON 539228|5224,34|0,00|H8|20231226|20230806||
VE|Ventes|VE00073|20230802|281810|Amort. installations generales|||VE087406|20230802|FACT CLIENT CLIENT EPSILON 539228|0,00|5224,34|||20230806||
VE|Ventes|VE00074|20230828|418100|Clients - Factures a etablir|||VE088824|20230828|FACT CLIENT CLIENT EPSILON 801272|443,68|0,00|||20230831||
VE|Ventes|VE00074|20230828|671000|Charges exceptionnelles sur operations de gestion|||VE088824|20230828|FACT CLIENT CLIENT EPSILON 801272|0,00|443,68|||20230831||
VE|Ventes|VE00075|20230516|708500|Ports et frais accessoires factures|||VE053756|20230516|FACT CLIENT CLIENT ALPHA 731872|963,24|0,00|||20230518||
VE|Ventes|VE00075|20230516|615600|Maintenance|||VE053756|20230516|FACT CLIENT CLIENT ALPHA 731872|0,00|963,24|||20230518||
VE|Ventes|VE00076|20230725|708500|Ports et frais accessoires factures|||VE078511|20230725|FACT CLIENT CLIENT BETA 897628|500,94|0,00|||20230731||
VE|Ventes|VE00076|20230725|280500|Amort. logiciels|||VE078511|20230725|FACT CLIENT CLIENT BETA 897628|0,00|500,94|||20230731||
VE|Ventes|VE00077|20230808|416000|Clients douteux|||VE081284|20230808|FACT CLIENT CLIENT EPSILON 644069|918,69|0,00|||20230813||
VE|Ventes|VE00077|20230808|706000|Prestations de services|||VE081284|20230808|FACT CLIENT CLIENT EPSILON 644069|0,00|918,69|||20230813||
VE|Ventes|VE00078|20231201|418100|Clients - Factures a etablir|||VE123974|20231201|FACT CLIENT CLIENT DELTA 889305|789,24|0,00|||20231201||
VE|Ventes|VE00078|20231201|645000|Charges de securite sociale et de prevoyance|||VE123974|20231201|FACT CLIENT CLIENT DELTA 889305|0,00|789,24|||20231201||
VE|Ventes|VE00079|20230407|701000|Ventes de produits finis|||VE046866|20230407|FACT CLIENT CLIENT DELTA 210224|1037,28|0,00|||20230407||
VE|Ventes|VE00079|20230407|218200|Materiel de transport|||VE046866|20230407|FACT CLIENT CLIENT DELTA 210224|0,00|1037,28|||20230407||
VE|Ventes|VE00080|20231103|413000|Clients - Effets a recevoir|||VE116485|20231103|FACT CLIENT CLIENT ALPHA 37517|136,39|0,00|||20231110||
VE|Ventes|VE00080|20231103|218200|Materiel de transport|||VE116485|20231103|FACT CLIENT CLIENT ALPHA 37517|0,00|136,39|||20231110||
VE|Ventes|VE00081|20231115|411000|Clients|C00004|CLIENT DELTA|VE119323|20231115|FACT CLIENT CLIENT ALPHA 697116|4105,49|0,00|||20231118||
VE|Ventes|VE00081|20231115|408100|Fournisseurs - Factures non parvenues|||VE119323|20231115|FACT CLIENT CLIENT ALPHA 697116|0,00|4105,49|||20231118||
VE|Ventes|VE00082|20230519|416000|Clients douteux|||VE058984|20230519|FACT CLIENT CLIENT ALPHA 481776|431,79|0,00|||20230519||
VE|Ventes|VE00082|20230519|681740|Dot. provisions sur creances|||VE058984|20230519|FACT CLIENT CLIENT ALPHA 481776|0,00|431,79|||20230519||
VE|Ventes|VE00083|20231122|419100|Clients - Avances et acomptes recus|||VE116842|20231122|FACT CLIENT CLIENT BETA 314962|709,84|0,00|||20231122||
VE|Ventes|VE00083|20231122|626000|Frais postaux et de telecommunications|||VE116842|20231122|FACT CLIENT CLIENT BETA 314962|0,00|709,84|||20231122||
VE|Ventes|VE00084|20230905|418100|Clients - Factures a etablir|||VE099470|20230905|FACT CLIENT CLIENT ALPHA 101444|10,15|0,00|||20230908||
VE|Ventes|VE00084|20230905|625100|Voyages et deplacements|||VE099470|20230905|FACT CLIENT CLIENT ALPHA 101444|0,00|10,15|||20230908||
VE|Ventes|VE00085|20230628|411000|Clients|C00010|CLIENT KAPPA|VE067840|20230628|FACT CLIENT CLIENT GAMMA 950707|2900,34|0,00|||20230704||
VE|Ventes|VE00085|20230628|409100|Fournisseurs - Avances et acomptes verses|||VE067840|20230628|FACT CLIENT CLIENT GAMMA 950707|0,00|2900,34|||20230704||
VE|Ventes|VE00086|20231012|709000|Rabais, remises et ristournes accordes|||VE101177|20231012|FACT CLIENT CLIENT GAMMA 281910|1276,35|0,00|||20231015||
VE|Ventes|VE00086|20231012|514000|Cheques postaux|||VE101177|20231012|FACT CLIENT CLIENT GAMMA 281910|0,00|1276,35|||20231015||
VE|Ventes|VE00087|20230712|413000|Clients - Effets a recevoir|||VE073175|20230712|FACT CLIENT CLIENT ALPHA 626124|994,07|0,00|||20230716||
VE|Ventes|VE00087|20230712|681110|Dot. amort. sur immo. incorporelles|||VE073175|20230712|FACT CLIENT CLIENT ALPHA 626124|0,00|994,07|||20230716||
VE|Ventes|VE00088|20231110|701000|Ventes de produits finis|||VE115170|20231110|FACT CLIENT CLIENT GAMMA 9276|1893,59|0,00|||20231113||
VE|Ventes|VE00088|20231110|321000|Matieres consommables|||VE115170|20231110|FACT CLIENT CLIENT GAMMA 9276|0,00|1893,59|||20231113||
VE|Ventes|VE00089|20230915|416000|Clients douteux|||VE094256|20230915|FACT CLIENT CLIENT EPSILON 187505|955,43|0,00|||20230920||
VE|Ventes|VE00089|20230915|687000|Dot. amort. et provisions exceptionnels|||VE094256|20230915|FACT CLIENT CLIENT EPSILON 187505|0,00|955,43|||20230920||
VE|Ventes|VE00090|20230926|419100|Clients - Avances et acomptes recus|||VE094637|20230926|FACT CLIENT CLIENT DELTA 283522|639,41|0,00|||20230926||
VE|Ventes|VE00090|20230926|517000|Autres organismes financiers|||VE094637|20230926|FACT CLIENT CLIENT DELTA 283522|0,00|639,41|||20230926||
VE|Ventes|VE00091|20231027|701000|Ventes de produits finis|||VE107139|20231027|FACT CLIENT CLIENT GAMMA 300843|60,65|0,00|||20231031||
VE|Ventes|VE00091|20231027|437000|Autres organismes sociaux|||VE107139|20231027|FACT CLIENT CLIENT GAMMA 300843|0,00|60,65|||20231031||
VE|Ventes|VE00092|20230105|707000|Ventes de marchandises|||VE016981|20230105|FACT CLIENT CLIENT DELTA 535678|305,06|0,00|||20230111||
VE|Ventes|VE00092|20230105|796000|Transferts de charges financieres|||VE016981|20230105|FACT CLIENT CLIENT DELTA 535678|0,00|305,06|||20230111||
VE|Ventes|VE00093|20230222|413000|Clients - Effets a recevoir|||OD108645|20230222|FACT CLIENT CLIENT GAMMA 759407|244,06|0,00|||20230225||
VE|Ventes|VE00093|20230222|281540|Amort. materiel industriel|||VE021882|20230222|FACT CLIENT CLIENT GAMMA 759407|0,00|244,06|||20230225||
VE|Ventes|VE00094|20230508|419100|Clients - Avances et acomptes recus|||OD035131|20230508|FACT CLIENT CLIENT BETA 949773|482,46|0,00|||20230512||
VE|Ventes|VE00094|20230508|627000|Services bancaires et assimiles|||VE056358|20230508|FACT CLIENT CLIENT BETA 949773|0,00|482,46|||20230512||
VE|Ventes|VE00095|20231109|418100|Clients - Factures a etablir|||VE114760|20231109|FACT CLIENT CLIENT BETA 512772|236,36|0,00|||20231115||
VE|Ventes|VE00095|20231109|754000|Ristournes percues des cooperatives|||VE114760|20231109|FACT CLIENT CLIENT BETA 512772|0,00|236,36|||20231115||
VE|Ventes|VE00096|20231103|418100|Clients - Factures a etablir|||VE115660|20231103|FACT CLIENT CLIENT ALPHA 909969|628,03|0,00|||20231109||
VE|Ventes|VE00096|20231103|686500|Dot. provisions pour risques et charges financiers|||VE115660|20231103|FACT CLIENT CLIENT ALPHA 909969|0,00|628,03|||20231109||
VE|Ventes|VE00097|20230825|411000|Clients|C00003|CLIENT GAMMA|VE081402|20230825|FACT CLIENT CLIENT EPSILON 386253|168,54|0,00|||20230825||
VE|Ventes|VE00097|20230825|419100|Clients - Avances et acomptes recus|||VE081402|20230825|FACT CLIENT CLIENT EPSILON 386253|0,00|168,54|||20230825||
VE|Ventes|VE00098|20230317|411000|Clients|C00005|CLIENT EPSILON|VE039025|20230317|FACT CLIENT CLIENT ALPHA 742484|3485,02|0,00|||20230324||
VE|Ventes|VE00098|20230317|487000|Produits constates d'avance|||VE039025|20230317|FACT CLIENT CLIENT ALPHA 742484|0,00|3485,02|||20230324||
VE|Ventes|VE00099|20230508|706000|Prestations de services|||VE054061|20230508|FACT CLIENT CLIENT ALPHA 770779|505,16|0,00|||20230509||
VE|Ventes|VE00099|20230508|428200|Personnel - Conges payes|||VE054061|20230508|FACT CLIENT CLIENT ALPHA 770779|0,00|505,16|||20230509||
VE|Ventes|VE00100|20231229|701000|Ventes de produits finis|||VE125404|20231229|FACT CLIENT CLIENT DELTA 302296|568,45|0,00|||20231230||
VE|Ventes|VE00100|20231229|486000|Charges constatees d'avance|||VE125404|20231229|FACT CLIENT CLIENT DELTA 302296|0,00|568,45|||20231230||
VE|Ventes|VE00101|20231023|701000|Ventes de produits finis|||VE125404|20231023|FACT CLIENT CLIENT ALPHA 392185|1956,56|0,00|||20231028||
VE|Ventes|VE00101|20231023|500000|Valeurs mobilieres de placement|||VE102774|20231023|FACT CLIENT CLIENT ALPHA 392185|0,00|1956,56|||20231028||
VE|Ventes|VE00102|20230913|418100|Clients - Factures a etablir|||VE094380|20230913|FACT CLIENT CLIENT DELTA 388295|189,91|0,00|||20230919||
VE|Ventes|VE00102|20230913|625600|Missions|||VE094380|20230913|FACT CLIENT CLIENT DELTA 388295|0,00|189,91|||20230919||
VE|Ventes|VE00103|20230808|706000|Prestations de services|||VE084522|20230808|FACT CLIENT CLIENT ALPHA 726488|1201,62|0,00|||20230815||
VE|Ventes|VE00103|20230808|281810|Amort. installations generales|||VE084522|20230808|FACT CLIENT CLIENT ALPHA 726488|0,00|1201,62|||20230815||
VE|Ventes|VE00104|20230607|418100|Clients - Factures a etablir|||VE064265|20230607|FACT CLIENT CLIENT GAMMA 114159|636,17|0,00|||20230611||
VE|Ventes|VE00104|20230607|666000|Pertes de change|||VE064265|20230607|FACT CLIENT CLIENT GAMMA 114159|0,00|636,17|||20230611||
VE|Ventes|VE00105|20231009|709000|Rabais, remises et ristournes accordes|||VE108002|20231009|FACT CLIENT CLIENT EPSILON 234399|1223,34|0,00|||20231010||
VE|Ventes|VE00105|20231009|713000|Variation des stocks|||VE108002|20231009|FACT CLIENT CLIENT EPSILON 234399|0,00|1223,34|||20231010||
VE|Ventes|VE00106|20231020|419100|Clients - Avances et acomptes recus|||VE103197|20231020|FACT CLIENT CLIENT BETA 599613|180,81|0,00|||20231020||
VE|Ventes|VE00106|20231020|211000|Terrains|||VE103197|20231020|FACT CLIENT CLIENT BETA 599613|0,00|180,81|||20231020||
VE|Ventes|VE00107|20231130|708500|Ports et frais accessoires factures|||VE113772|20231130|FACT CLIENT CLIENT ALPHA 523485|141,72|0,00|||20231204||
VE|Ventes|VE00107|20231130|280500|Amort. logiciels|||VE113772|20231130|FACT CLIENT CLIENT ALPHA 523485|0,00|141,72|||20231204||
VE|Ventes|VE00108|20230714|708500|Ports et frais accessoires factures|||VE077151|20230714|FACT CLIENT CLIENT ALPHA 983405|1787,91|0,00|||20230717||
VE|Ventes|VE00108|20230714|421000|Personnel - Remunerations dues|||VE077151|20230714|FACT CLIENT CLIENT ALPHA 983405|0,00|1787,91|||20230717||
VE|Ventes|VE00109|20230110|413000|Clients - Effets a recevoir|||VE017929|20230110|FACT CLIENT CLIENT EPSILON 268113|939,92|0,00|||20230115||
VE|Ventes|VE00109|20230110|213100|Constructions - Batiments|||VE017929|20230110|FACT CLIENT CLIENT EPSILON 268113|0,00|939,92|||20230115||
VE|Ventes|VE00110|20231201|418100|Clients - Factures a etablir|||VE126309|20231201|FACT CLIENT CLIENT BETA 816440|796,13|0,00|||20231202||
VE|Ventes|VE00110|20231201|707000|Ventes de marchandises|||VE126309|20231201|FACT CLIENT CLIENT BETA 816440|0,00|796,13|||20231202||
VE|Ventes|VE00111|20230526|418100|Clients - Factures a etablir|||VE054477|20230526|FACT CLIENT CLIENT BETA 502346|244,87|0,00|||20230526||
VE|Ventes|VE00111|20230526|231000|Immobilisations corporelles en cours|||VE054477|20230526|FACT CLIENT CLIENT BETA 502346|0,00|244,87|||20230526||
VE|Ventes|VE00112|20231207|709000|Rabais, remises et ristournes accordes|||VE128919|20231207|FACT CLIENT CLIENT GAMMA 701031|81,17|0,00|||20231209||
VE|Ventes|VE00112|20231207|218400|Mobilier|||VE128919|20231207|FACT CLIENT CLIENT GAMMA 701031|0,00|81,17|||20231209||
VE|Ventes|VE00113|20230330|709000|Rabais, remises et ristournes accordes|||VE035582|20230330|FACT CLIENT CLIENT ALPHA 457384|1881,54|0,00|||20230406||
VE|Ventes|VE00113|20230330|215400|Materiel industriel|||VE035582|20230330|FACT CLIENT CLIENT ALPHA 457384|0,00|1881,54|||20230406||
VE|Ventes|VE00114|20231226|707000|Ventes de marchandises|||VE121106|20231226|FACT CLIENT CLIENT ALPHA 556435|113,58|0,00|||20231229||
VE|Ventes|VE00114|20231226|213500|Installations generales, agencements|||VE121106|20231226|FACT CLIENT CLIENT ALPHA 556435|0,00|113,58|||20231229||
VE|Ventes|VE00115|20230804|708500|Ports et frais accessoires factures|||VE088251|20230804|FACT CLIENT CLIENT EPSILON 154622|1963,32|0,00|||20230805||
VE|Ventes|VE00115|20230804|371000|Stock de marchandises|||VE088251|20230804|FACT CLIENT CLIENT EPSILON 154622|0,00|1963,32|||20230805||
VE|Ventes|VE00116|20231027|707000|Ventes de marchandises|||VE108079|20231027|FACT CLIENT CLIENT GAMMA 547431|671,58|0,00|||20231103||
VE|Ventes|VE00116|20231027|701000|Ventes de produits finis|||VE108079|20231027|FACT CLIENT CLIENT GAMMA 547431|0,00|671,58|||20231103||
VE|Ventes|VE00117|20230102|706000|Prestations de services|||VE018629|20230102|FACT CLIENT CLIENT BETA 906764|1945,43|0,00|||20230102||
VE|Ventes|VE00117|20230107|203000|Frais de recherche et developpement|||VE018629|20230102|FACT CLIENT CLIENT BETA 906764|0,00|1945,43|||20230102||
VE|Ventes|VE00118|20230407|708500|Ports et frais accessoires factures|||VE045376|20230407|FACT CLIENT CLIENT ALPHA 601591|1607,84|0,00|||20230412||
VE|Ventes|VE00118|20230407|231000|Immobilisations corporelles en cours|||VE045376|20230407|FACT CLIENT CLIENT ALPHA 601591|0,00|1607,84|||20230412||
VE|Ventes|VE00119|20230106|418100|Clients - Factures a etablir|||VE012873|20230106|FACT CLIENT CLIENT BETA 429315|972,60|0,00|||20230112||
VE|Ventes|VE00119|20230106|613200|Locations immobilieres|||VE012873|20230106|FACT CLIENT CLIENT BETA 429315|0,00|972,60|||20230112||
VE|Ventes|VE00120|20230908|707000|Ventes de marchandises|||VE094003|20230908|FACT CLIENT CLIENT ALPHA 554286|170,38|0,00|||20230908||
VE|Ventes|VE00120|20230908|431000|Securite sociale|||VE094003|20230908|FACT CLIENT CLIENT ALPHA 554286|0,00|170,38|||20230908||
VE|Ventes|VE00121|20230929|416000|Clients douteux|||VE094428|20230929|FACT CLIENT CLIENT GAMMA 167535|734,96|0,00|||20230930||
VE|Ventes|VE00121|20230929|681500|Dot. provisions pour risques et charges d'exploitation|||VE094428|20230929|FACT CLIENT CLIENT GAMMA 167535|0,00|734,96|||20230930||
VE|Ventes|VE00122|20230324|709000|Rabais, remises et ristournes accordes|||VE034848|20230324|FACT CLIENT CLIENT DELTA 634321|1853,75|0,00|||20230325||
VE|Ventes|VE00122|20230324|642000|Remunerations des dirigeants|||VE034848|20230324|FACT CLIENT CLIENT DELTA 634321|0,00|1853,75|||20230325||
VE|Ventes|VE00123|20230919|707000|Ventes de marchandises|||VE091511|20230919|FACT CLIENT CLIENT ALPHA 772345|773,95|0,00|||20230925||
VE|Ventes|VE00123|20230919|311000|Matieres premieres|||VE091511|20230919|FACT CLIENT CLIENT ALPHA 772345|0,00|773,95|||20230925||
VE|Ventes|VE00124|20230627|707000|Ventes de marchandises|||VE068132|20230627|FACT CLIENT CLIENT BETA 291803|857,67|0,00|||20230703||
VE|Ventes|VE00124|20230627|441000|Etat - Impot sur les benefices|||VE068132|20230627|FACT CLIENT CLIENT BETA 291803|0,00|857,67|||20230703||
VE|Ventes|VE00125|20230323|416000|Clients douteux|||VE032368|20230323|FACT CLIENT CLIENT BETA 209217|794,07|0,00|||20230328||
VE|Ventes|VE00125|20230323|445710|TVA collectee a payer|||VE032368|20230323|FACT CLIENT CLIENT BETA 209217|0,00|794,07|||20230328||
VE|Ventes|VE00126|20230112|701000|Ventes de produits finis|||VE017970|20230112|FACT CLIENT CLIENT BETA 32586|1147,00|0,00|||20230119||
VE|Ventes|VE00126|20230112|709000|Rabais, remises et ristournes accordes|||VE017970|20230112|FACT CLIENT CLIENT BETA 32586|0,00|1147,00|||20230119||
VE|Ventes|VE00127|20231205|706000|Prestations de services|||VE127680|20231205|FACT CLIENT CLIENT EPSILON 709753|729,94|0,00|||20231208||
VE|Ventes|VE00127|20231205|623100|Annonces et insertions|||VE127680|20231205|FACT CLIENT CLIENT EPSILON 709753|0,00|729,94|||20231208||
VE|Ventes|VE00128|20230401|413000|Clients - Effets a recevoir|||VE032062|20230331|FACT CLIENT CLIENT BETA 100743|929,21|0,00|||20230407||
VE|Ventes|VE00128|20230331|514000|Cheques postaux|||VE032062|20230331|FACT CLIENT CLIENT BETA 100743|0,00|929,21|||20230407||
VE|Ventes|VE00129|20231116|706000|Prestations de services|||VE111538|20231116|FACT CLIENT CLIENT DELTA 570808|602,59|0,00|||20231119||
VE|Ventes|VE00129|20231116|781740|Reprises sur provisions sur creances|||VE111538|20231116|FACT CLIENT CLIENT DELTA 570808|0,00|602,59|||20231119||
VE|Ventes|VE00130|20231009|419100|Clients - Avances et acomptes recus|||VE104556|20231009|FACT CLIENT CLIENT BETA 646170|23,82|0,00|||20231011||
VE|Ventes|VE00130|20231009|397100|Depreciation des stocks de marchandises|||VE104556|20231009|FACT CLIENT CLIENT BETA 646170|0,00|23,82|||20231011||
VE|Ventes|VE00131|20230425|411000|Clients|C00005|CLIENT EPSILON|VE043548|20230425|FACT CLIENT CLIENT GAMMA 461111|4019,46|0,00|J8|20231202|20230428||
VE|Ventes|VE00131|20230425|762000|Produits des autres immobilisations financieres|||VE043548|20230425|FACT CLIENT CLIENT GAMMA 461111|0,00|4019,46|||20230428||
VE|Ventes|VE00132|20230623|701000|Ventes de produits finis|||VE061064|20230623|FACT CLIENT CLIENT GAMMA 873505|1115,37|0,00|||20230625||
VE|Ventes|VE00132|20230623|101000|Capital social|||VE061064|20230623|FACT CLIENT CLIENT GAMMA 873505|0,00|1115,37|||20230625||
VE|Ventes|VE00133|20230322|411000|Clients|C00005|CLIENT EPSILON|VE033980|20230322|FACT CLIENT CLIENT ALPHA 198435|5189,22|0,00|||20230323||
VE|Ventes|VE00133|20230322|671000|Charges exceptionnelles sur operations de gestion|||VE033980|20230322|FACT CLIENT CLIENT ALPHA 198435|0,00|5189,22|||20230323||
VE|Ventes|VE00134|20231128|706000|Prestations de services|||VE113531|20231128|FACT CLIENT CLIENT EPSILON 282360|53,30|0,00|||20231129||
VE|Ventes|VE00134|20231128|441000|Etat - Impot sur les benefices|||VE113531|20231128|FACT CLIENT CLIENT EPSILON 282360|0,00|53,30|||20231129||
VE|Ventes|VE00135|20230110|411000|Clients|C00004|CLIENT DELTA|VE015251|20230110|FACT CLIENT CLIENT ALPHA 666885|1922,08|0,00|||20230112||
VE|Ventes|VE00135|20230110|618100|Documentation generale|||VE015251|20230110|FACT CLIENT CLIENT ALPHA 666885|0,00|1922,08|||20230112||
VE|Ventes|VE00136|20231031|411000|Clients|C00008|CLIENT THETA|VE109183|20231031|FACT CLIENT CLIENT BETA 330434|1179,77|0,00|U2|20231209|20231105||
VE|Ventes|VE00136|20231031|311000|Matieres premieres|||VE109183|20231031|FACT CLIENT CLIENT BETA 330434|0,00|1179,77|||20231105||
VE|Ventes|VE00137|20230623|707000|Ventes de marchandises|||VE064854|20230623|FACT CLIENT CLIENT EPSILON 333546|83,24|0,00|||20230626||
VE|Ventes|VE00137|20230623|355000|Produits finis (groupe)|||VE064854|20230623|FACT CLIENT CLIENT EPSILON 333546|0,00|83,24|||20230626||
VE|Ventes|VE00138|20231225|708500|Ports et frais accessoires factures|||VE126343|20231225|FACT CLIENT CLIENT DELTA 866976|1170,70|0,00|||20231227||
VE|Ventes|VE00138|20231225|215400|Materiel industriel|||VE126343|20231225|FACT CLIENT CLIENT DELTA 866976|0,00|1170,70|||20231227||
VE|Ventes|VE00139|20230703|708500|Ports et frais accessoires factures|||VE075874|20230703|FACT CLIENT CLIENT ALPHA 229821|200,33|0,00|||20230705||
VE|Ventes|VE00139|20230703|602260|Achats d'emballages|||VE075874|20230703|FACT CLIENT CLIENT ALPHA 229821|0,00|200,33|||20230705||
VE|Ventes|VE00140|20230728|411000|Clients|C00006|CLIENT ZETA|VE072916|20230728|FACT CLIENT CLIENT EPSILON 981659|7638,60|0,00|||20230803||
VE|Ventes|VE00140|20230728|635000|Autres impots, taxes et versements assimiles|||VE072916|20230728|FACT CLIENT CLIENT EPSILON 981659|0,00|7638,60|||20230803||
VE|Ventes|VE00141|20230210|411000|Clients|C00006|CLIENT ZETA|VE026215|20230210|FACT CLIENT CLIENT GAMMA 399538|9141,15|0,00|||20230212||
VE|Ventes|VE00141|20230210|695000|Impots sur les benefices|||VE026215|20230210|FACT CLIENT CLIENT GAMMA 399538|0,00|9141,15|||20230212||
VE|Ventes|VE00142|20231204|413000|Clients - Effets a recevoir|||VE128410|20231204|FACT CLIENT CLIENT DELTA 912671|77,62|0,00|||20231211||
VE|Ventes|VE00142|20231204|775000|Produits des cessions d'elements d'actif|||VE128410|20231204|FACT CLIENT CLIENT DELTA 912671|0,00|77,62|||20231211||
VE|Ventes|VE00143|20230310|416000|Clients douteux|||VE034177|20230310|FACT CLIENT CLIENT ALPHA 256286|933,86|0,00|||20230313||
VE|Ventes|VE00143|20230310|713000|Variation des stocks|||VE034177|20230310|FACT CLIENT CLIENT ALPHA 256286|0,00|933,86|||20230313||
VE|Ventes|VE00144|20230630|709000|Rabais, remises et ristournes accordes|||VE063863|20230630|FACT CLIENT CLIENT GAMMA 882402|769,59|0,00|||20230704||
VE|Ventes|VE00144|20230630|280500|Amort. logiciels|||VE063863|20230630|FACT CLIENT CLIENT GAMMA 882402|0,00|769,59|||20230704||
VE|Ventes|VE00145|20230816|418100|Clients - Factures a etablir|||VE083618|20230816|FACT CLIENT CLIENT GAMMA 50313|497,64|0,00|||20230819||
VE|Ventes|VE00145|20230816|623100|Annonces et insertions|||VE083618|20230816|FACT CLIENT CLIENT GAMMA 50313|0,00|497,64|||20230819||
VE|Ventes|VE00146|20231117|411000|Clients|C00007|CLIENT ETA|VE114903|20231117|FACT CLIENT CLIENT EPSILON 592717|6021,14|0,00|X7|20231214|20231123||
VE|Ventes|VE00146|20231117|517000|Autres organismes financiers|||VE114903|20231117|FACT CLIENT CLIENT EPSILON 592717|0,00|6021,14|||20231123||
VE|Ventes|VE00147|20230127|706000|Prestations de services|||VE018527|20230127|FACT CLIENT CLIENT EPSILON 124965|744,71|0,00|||20230129||
VE|Ventes|VE00147|20230127|404000|Fournisseurs d'immobilisations|||VE018527|20230127|FACT CLIENT CLIENT EPSILON 124965|0,00|744,71|||20230129||
VE|Ventes|VE00148|20231229|706000|Prestations de services|||VE122961|20231229|FACT CLIENT CLIENT ALPHA 575705|1936,28|0,00|||20231230||
VE|Ventes|VE00148|20231229|613500|Locations mobilieres|||VE122961|20231229|FACT CLIENT CLIENT ALPHA 575705|0,00|1936,28|||20231230||
VE|Ventes|VE00149|20230116|708500|Ports et frais accessoires factures|||VE019903|20230116|FACT CLIENT CLIENT GAMMA 858741|1866,12|0,00|||20230120||
VE|Ventes|VE00149|20230116|681740|Dot. provisions sur creances|||VE019903|20230116|FACT CLIENT CLIENT GAMMA 858741|0,00|1866,12|||20230120||
VE|Ventes|VE00150|20230714|418100|Clients - Factures a etablir|||VE078764|20230714|FACT CLIENT CLIENT BETA 430936|609,58|0,00|||20230715||
VE|Ventes|VE00150|20230714|164000|Emprunts aupres des etablissements de credit|||VE078764|20230714|FACT CLIENT CLIENT BETA 430936|0,00|609,58|||20230715||
VE|Ventes|VE00151|20230324|701000|Ventes de produits finis|||VE037934|20230324|FACT CLIENT CLIENT GAMMA 445191|785,04|0,00|||20230326||
VE|Ventes|VE00151|20230324|628100|Concours divers (cotisations...)|||VE037934|20230324|FACT CLIENT CLIENT GAMMA 445191|0,00|785,04|||20230326||
VE|Ventes|VE00152|20230620|416000|Clients douteux|||VE064969|20230620|FACT CLIENT CLIENT DELTA 866039|591,16|0,00|||20230624||
VE|Ventes|VE00152|20230620|606800|Autres matieres et fournitures|||VE064969|20230620|FACT CLIENT CLIENT DELTA 866039|0,00|591,16|||20230624||
VE|Ventes|VE00153|20231020|708500|Ports et frais accessoires factures|||VE109098|20231020|FACT CLIENT CLIENT ALPHA 108352|1730,18|0,00|||20231021||
VE|Ventes|VE00153|20231020|654000|Pertes sur creances irrecouvrables|||VE109098|20231020|FACT CLIENT CLIENT ALPHA 108352|0,00|1730,18|||20231021||
VE|Ventes|VE00154|20231204|701000|Ventes de produits finis|||VE125453|20231204|FACT CLIENT CLIENT EPSILON 698108|1499,45|0,00|||20231207||
VE|Ventes|VE00154|20231204|798000|Integration fiscale - Produits|||VE125453|20231204|FACT CLIENT CLIENT EPSILON 698108|0,00|1499,45|||20231207||
VE|Ventes|VE00155|20230703|413000|Clients - Effets a recevoir|||VE073788|20230703|FACT CLIENT CLIENT BETA 990612|105,90|0,00|||20230710||
VE|Ventes|VE00155|20230703|641000|Remunerations du personnel|||VE073788|20230703|FACT CLIENT CLIENT BETA 990612|0,00|105,90|||20230710||
VE|Ventes|VE00156|20230228|416000|Clients douteux|||VE027293|20230228|FACT CLIENT CLIENT BETA 589426|271,77|0,00|||20230305||
VE|Ventes|VE00156|20230228|607000|Achats de marchandises|||VE027293|20230228|FACT CLIENT CLIENT BETA 589426|0,00|271,77|||20230305||
VE|Ventes|VE00157|20230112|709000|Rabais, remises et ristournes accordes|||VE012420|20230112|FACT CLIENT CLIENT EPSILON 668323|243,01|0,00|||20230114||
VE|Ventes|VE00157|20230112|708500|Ports et frais accessoires factures|||VE012420|20230112|FACT CLIENT CLIENT EPSILON 668323|0,00|243,01|||20230114||
