JournalCode|JournalLib|EcritureNum|EcritureDate|CompteNum|CompteLib|CompAuxNum|CompAuxLib|PieceRef|PieceDate|EcritureLib|Debit|Credit|EcritureLet|DateLet|ValidDate|Montantdevise|Idevise
AC|Achats|AC00001|20230414|602260|Achats d'emballages|||AC042073|20230414|FACT 250215 DALKIA FRANCE|935,42|0,00|||20230416||
AC|Achats|AC00001|20230414|419100|Clients - Avances et acomptes recus|||AC042073|20230414|FACT 250215 DALKIA FRANCE|0,00|935,42|||20230416||
AC|Achats|AC00002|20230303|623000|Publicite, publications, relations publiques|||AC034582|20230303|FACT 250223 FOURNITURES BUREAU|32,94|0,00|||20230310||
AC|Achats|AC00002|20230303|445520|TVA due intracommunautaire|||AC034582|20230303|FACT 250223 FOURNITURES BUREAU|0,00|32,94|||20230310||
AC|Achats|AC00003|20230728|623400|Cadeaux a la clientele|||AC077375|20230728|FACT 250222 TELECOM SAS|1585,33|0,00|||20230802||
AC|Achats|AC00003|20230728|418100|Clients - Factures a etablir|||AC077375|20230728|FACT 250222 TELECOM SAS|0,00|1585,33|||20230802||
AC|Achats|AC00004|20230606|625100|Voyages et deplacements|||AC069974|20230606|FACT 250208 FOURNITURES BUREAU|276,62|0,00|||20230609||
AC|Achats|AC00004|20230606|419100|Clients - Avances et acomptes recus|||AC069974|20230606|FACT 250208 FOURNITURES BUREAU|0,00|276,62|||20230609||
AC|Achats|AC00005|20231218|623100|Annonces et insertions|||AC127443|20231218|FACT 250213 DALKIA FRANCE|202,11|0,00|||20231220||
AC|Achats|AC00005|20231218|511000|Valeurs a l'encaissement|||AC127443|20231218|FACT 250213 DALKIA FRANCE|0,00|202,11|||20231220||
AC|Achats|AC00006|20230508|607000|Achats de marchandises|||AC052007|20230508|FACT 250113 TELECOM SAS|507,00|0,00|||20230508||
AC|Achats|AC00006|20230508|445520|TVA due intracommunautaire|||AC052007|20230508|FACT 250113 TELECOM SAS|0,00|507,00|||20230508||
AC|Achats|AC00007|20230720|623100|Annonces et insertions|||AC077986|20230720|FACT 250118 FOURNITURES BUREAU|1619,89|0,00|||20230725||
AC|Achats|AC00007|20230720|401000|Fournisseurs|F00004|PAPETERIE EXPRESS|AC077986|20230720|FACT 250118 FOURNITURES BUREAU|0,00|1619,89|||20230725||
AC|Achats|AC00008|20231030|401000|Fournisseurs|F00008|TRANSPORT EXPRESS|AC105586|20231030|FACT 250121 FOURNITURES BUREAU|8266,12|0,00|Q7|20231231|20231105||
AC|Achats|AC00008|20231030|580000|Virements internes|||AC105586|20231030|FACT 250121 FOURNITURES BUREAU|0,00|8266,12|||20231105||
AC|Achats|AC00009|20231214|623400|Cadeaux a la clientele|||AC124227|20231214|FACT 250117 ELECTRICITE DE FRANCE|431,08|0,00|||20231219||
AC|Achats|AC00009|20231216|471000|Compte d'attente|||AC124227|20231214|FACT 250117 ELECTRICITE DE FRANCE|0,00|431,08|||20231219||
AC|Achats|AC00010|20230816|611000|Sous-traitance generale|||AC085361|20230816|FACT 250118 TELECOM SAS|1147,54|0,00|||20230822||
AC|Achats|AC00010|20230816|514000|Cheques postaux|||AC085361|20230816|FACT 250118 TELECOM SAS|0,00|1147,54|||20230822||
AC|Achats|AC00011|20230127|615500|Entretien et reparations sur biens mobiliers|||AC016855|20230127|FACT 250117 ELECTRICITE DE FRANCE|1329,60|0,00|||20230129||
AC|Achats|AC00011|20230127|427000|Personnel - Oppositions|||AC016855|20230127|FACT 250117 ELECTRICITE DE FRANCE|0,00|1329,60|||20230129||
AC|Achats|AC00012|20230303|625700|Receptions|||AC033159|20230303|FACT 250113 DALKIA FRANCE|1410,91|0,00|||20230306||
AC|Achats|AC00012|20230303|438200|Charges sociales sur conges a payer|||AC033159|20230303|FACT 250113 DALKIA FRANCE|0,00|1410,91|||20230306||
AC|Achats|AC00013|20231109|625600|Missions|||AC113276|20231109|FACT 250218 ELECTRICITE DE FRANCE|1788,20|0,00|||20231116||
AC|Achats|AC00013|20231109|530000|Caisse|||AC113276|20231109|FACT 250218 ELECTRICITE DE FRANCE|0,00|1788,20|||20231116||
AC|Achats|AC00014|20230721|607000|Achats de marchandises|||AC072494|20230721|FACT 250218 FOURNITURES BUREAU|1527,96|0,00|||20230726||
AC|Achats|AC00014|20230721|518700|Interets courus a recevoir|||AC072494|20230721|FACT 250218 FOURNITURES BUREAU|0,00|1527,96|||20230726||
AC|Achats|AC00015|20230915|615600|Maintenance|||AC091565|20230915|FACT 250207 FOURNITURES BUREAU|447,12|0,00|||20230920||
AC|Achats|AC00015|20230915|427000|Personnel - Oppositions|||AC091565|20230915|FACT 250207 FOURNITURES BUREAU|0,00|447,12|||20230920||
AC|Achats|AC00016|20230811|608500|Frais accessoires d'achat|||AC083649|20230811|FACT 250205 DALKIA FRANCE|714,31|0,00|||20230811||
AC|Achats|AC00016|20230811|428200|Personnel - Conges payes|||AC083649|20230811|FACT 250205 DALKIA FRANCE|0,00|714,31|||20230811||
AC|Achats|AC00017|20231019|626000|Frais postaux et de telecommunications|||AC103182|20231019|FACT 250222 TELECOM SAS|1841,97|0,00|||20231026||
AC|Achats|AC00017|20231019|445670|TVA collectee|||AC103182|20231019|FACT 250222 TELECOM SAS|0,00|1841,97|||20231026||
AC|Achats|AC00018|20230321|615500|Entretien et reparations sur biens mobiliers|||AC035619|20230321|FACT 250216 PAPETERIE EXPRESS|982,55|0,00|||20230323||
AC|Achats|AC00018|20230321|530000|Caisse|||AC035619|20230321|FACT 250216 PAPETERIE EXPRESS|0,00|982,55|||20230323||
AC|Achats|AC00019|20230901|602100|Achats de matieres consommables|||AC094627|20230901|FACT 250110 PAPETERIE EXPRESS|1777,53|0,00|||20230904||
AC|Achats|AC00019|20230901|411000|Clients|C00005|CLIENT EPSILON|AC094627|20230901|FACT 250110 PAPETERIE EXPRESS|0,00|1777,53|||20230904||
AC|Achats|AC00020|20230817|608500|Frais accessoires d'achat|||AC088250|20230817|FACT 250112 FOURNITURES BUREAU|692,48|0,00|||20230820||
AC|Achats|AC00020|20230817|471000|Compte d'attente|||AC088250|20230817|FACT 250112 FOURNITURES BUREAU|0,00|692,48|||20230820||
AC|Achats|AC00021|20230630|628100|Concours divers (cotisations...)|||AC065834|20230630|FACT 250129 DALKIA FRANCE|1150,33|0,00|||20230706||
AC|Achats|AC00021|20230630|411000|Clients|C00001|CLIENT ALPHA|AC065834|20230630|FACT 250129 DALKIA FRANCE|0,00|1150,33|||20230706||
AC|Achats|AC00022|20230314|626000|Frais postaux et de telecommunications|||AC039623|20230314|FACT 250103 ELECTRICITE DE FRANCE|447,39|0,00|||20230314||
AC|Achats|AC00022|20230314|418100|Clients - Factures a etablir|||AC039623|20230314|FACT 250103 ELECTRICITE DE FRANCE|0,00|447,39|||20230314||
AC|Achats|AC00023|20230428|622600|Honoraires|||AC045367|20230428|FACT 250110 TELECOM SAS|1233,70|0,00|||20230505||
AC|Achats|AC00023|20230428|437000|Autres organismes sociaux|||AC045367|20230428|FACT 250110 TELECOM SAS|0,00|1233,70|||20230505||
AC|Achats|AC00024|20230824|615200|Entretien et reparations sur biens immobiliers|||AC086719|20230824|FACT 250104 TELECOM SAS|1681,77|0,00|||20230831||
AC|Achats|AC00024|20230824|437000|Autres organismes sociaux|||AC086719|20230824|FACT 250104 TELECOM SAS|0,00|1681,77|||20230831||
AC|Achats|AC00025|20231005|625100|Voyages et deplacements|||AC108788|20231005|FACT 250125 PAPETERIE EXPRESS|724,00|0,00|||20231007||
AC|Achats|AC00025|20231005|444000|Etat - Impots sur les benefices|||AC108788|20231005|FACT 250125 PAPETERIE EXPRESS|0,00|724,00|||20231007||
AC|Achats|AC00026|20230324|613500|Locations mobilieres|||AC037092|20230324|FACT 250108 DALKIA FRANCE|678,16|0,00|||20230329||
AC|Achats|AC00026|20230324|411000|Clients|C00007|CLIENT ETA|AC037092|20230324|FACT 250108 DALKIA FRANCE|0,00|678,16|||20230329||
AC|Achats|AC00027|20231020|401000|Fournisseurs|F00010|ELECTRICITE DE FRANCE|AC108092|20231020|FACT 250213 PAPETERIE EXPRESS|116,76|0,00|||20231022||
AC|Achats|AC00027|20231020|512100|Banque secondaire|||AC108092|20231020|FACT 250213 PAPETERIE EXPRESS|0,00|116,76|||20231022||
AC|Achats|AC00028|20230406|615200|Entretien et reparations sur biens immobiliers|||AC047568|20230406|FACT 250218 PAPETERIE EXPRESS|283,81|0,00|||20230409||
AC|Achats|AC00028|20230406|438200|Charges sociales sur conges a payer|||AC047568|20230406|FACT 250218 PAPETERIE EXPRESS|0,00|283,81|||20230409||
AC|Achats|AC00029|20230602|626000|Frais postaux et de telecommunications|||AC064125|20230602|FACT 250117 DALKIA FRANCE|1924,13|0,00|||20230605||
AC|Achats|AC00029|20230602|408400|Fournisseurs d'immobilisations - Factures non parvenues|||AC064125|20230602|FACT 250117 DALKIA FRANCE|0,00|1924,13|||20230605||
AC|Achats|AC00030|20231214|618100|Documentation generale|||AC125125|20231214|FACT 250124 DALKIA FRANCE|1136,17|0,00|||20231214||
AC|Achats|AC00030|20231214|530000|Caisse|||AC125125|20231214|FACT 250124 DALKIA FRANCE|0,00|1136,17|||20231214||
AC|Achats|AC00031|20230615|608500|Frais accessoires d'achat|||AC064343|20230615|FACT 250102 FOURNITURES BUREAU|319,10|0,00|||20230622||
AC|Achats|AC00031|20230615|416000|Clients douteux|||AC064343|20230615|FACT 250102 FOURNITURES BUREAU|0,00|319,10|||20230622||
AC|Achats|AC00032|20231103|612000|Redevances de credit-bail|||AC113824|20231103|FACT 250212 PAPETERIE EXPRESS|1232,22|0,00|||20231105||
AC|Achats|AC00032|20231103|404000|Fournisseurs d'immobilisations|||AC113824|20231103|FACT 250212 PAPETERIE EXPRESS|0,00|1232,22|||20231105||
AC|Achats|AC00033|20230306|606300|Fournitures d'entretien et petit equipement|||AC036314|20230306|FACT 250130 PAPETERIE EXPRESS|416,57|0,00|||20230306||
AC|Achats|AC00033|20230306|437000|Autres organismes sociaux|||AC036314|20230306|FACT 250130 PAPETERIE EXPRESS|0,00|416,57|||20230306||
AC|Achats|AC00034|20231222|623000|Publicite, publications, relations publiques|||AC122715|20231222|FACT 250202 FOURNITURES BUREAU|140,10|0,00|||20231228||
AC|Achats|AC00034|20231222|486000|Charges constatees d'avance|||AC122715|20231222|FACT 250202 FOURNITURES BUREAU|0,00|140,10|||20231228||
AC|Achats|AC00035|20230213|607000|Achats de marchandises|||AC028609|20230213|FACT 250131 PAPETERIE EXPRESS|1081,59|0,00|||20230214||
AC|Achats|AC00035|20230213|444000|Etat - Impots sur les benefices|||AC028609|20230213|FACT 250131 PAPETERIE EXPRESS|0,00|1081,59|||20230214||
AC|Achats|AC00036|20230103|615600|Maintenance|||AC014277|20230103|FACT 250128 FOURNITURES BUREAU|742,96|0,00|||20230110||
AC|Achats|AC00036|20230103|445710|TVA collectee a payer|||AC014277|20230103|FACT 250128 FOURNITURES BUREAU|0,00|742,96|||20230110||
AC|Achats|AC00037|20231204|611000|Sous-traitance generale|||AC126259|20231204|FACT 250209 DALKIA FRANCE|188,41|0,00|||20231204||
AC|Achats|AC00037|20231204|419100|Clients - Avances et acomptes recus|||AC126259|20231204|FACT 250209 DALKIA FRANCE|0,00|188,41|||20231204||
AC|Achats|AC00038|20231026|614000|Charges locatives|||AC101394|20231026|FACT 250218 TELECOM SAS|267,36|0,00|||20231031||
AC|Achats|AC00038|20231026|441000|Etat - Impot sur les benefices|||AC101394|20231026|FACT 250218 TELECOM SAS|0,00|267,36|||20231031||
AC|Achats|AC00039|20231002|615500|Entretien et reparations sur biens mobiliers|||AC103214|20231002|FACT 250130 TELECOM SAS|1339,11|0,00|||20231003||
AC|Achats|AC00039|20231002|445520|TVA due intracommunautaire|||AC103214|20231002|FACT 250130 TELECOM SAS|0,00|1339,11|||20231003||
AC|Achats|AC00040|20230925|606400|Fournitures administratives|||AC098109|20230925|FACT 250217 ELECTRICITE DE FRANCE|913,66|0,00|||20230926||
AC|Achats|AC00040|20230925|512000|Banque principale|||AC098109|20230925|FACT 250217 ELECTRICITE DE FRANCE|0,00|913,66|||20230926||
AC|Achats|AC00041|20230712|612000|Redevances de credit-bail|||AC073176|20230712|FACT 250225 TELECOM SAS|166,68|0,00|||20230714||
AC|Achats|AC00041|20230712|445870|TVA sur factures a etablir|||AC073176|20230712|FACT 250225 TELECOM SAS|0,00|166,68|||20230714||
AC|Achats|AC00042|20230428|623100|Annonces et insertions|||AC044929|20230428|FACT 250210 PAPETERIE EXPRESS|1259,33|0,00|||20230502||
AC|Achats|AC00042|20230428|486000|Charges constatees d'avance|||AC044929|20230428|FACT 250210 PAPETERIE EXPRESS|0,00|1259,33|||20230502||
AC|Achats|AC00043|20230831|615600|Maintenance|||AC084851|20230831|FACT 250202 FOURNITURES BUREAU|1677,64|0,00|||20230901||
AC|Achats|AC00043|20230831|416000|Clients douteux|||AC084851|20230831|FACT 250202 FOURNITURES BUREAU|0,00|1677,64|||20230901||
AC|Achats|AC00044|20230131|625100|Voyages et deplacements|||AC016011|20230131|FACT 250210 FOURNITURES BUREAU|1265,51|0,00|||20230202||
AC|Achats|AC00044|20230131|511000|Valeurs a l'encaissement|||AC016011|20230131|FACT 250210 FOURNITURES BUREAU|0,00|1265,51|||20230202||
AC|Achats|AC00045|20231108|618500|Frais de colloques, seminaires, conferences|||AC119678|20231108|FACT 250215 TELECOM SAS|1771,79|0,00|||20231109||
AC|Achats|AC00045|20231108|445660|TVA deductible sur ABS|||AC119678|20231108|FACT 250215 TELECOM SAS|0,00|1771,79|||20231109||
AC|Achats|AC00046|20230803|606300|Fournitures d'entretien et petit equipement|||AC088565|20230803|FACT 250101 ELECTRICITE DE FRANCE|1379,59|0,00|||20230807||
AC|Achats|AC00046|20230803|451000|Groupe|||AC088565|20230803|FACT 250101 ELECTRICITE DE FRANCE|0,00|1379,59|||20230807||
AC|Achats|AC00047|20230417|602200|Achats de fournitures consommables|||AC041312|20230417|FACT 250130 DALKIA FRANCE|860,59|0,00|||20230418||
AC|Achats|AC00047|20230417|471000|Compte d'attente|||AC041312|20230417|FACT 250130 DALKIA FRANCE|0,00|860,59|||20230418||
AC|Achats|AC00048|20230131|607000|Achats de marchandises|||AC012699|20230131|FACT 250113 ELECTRICITE DE FRANCE|183,75|0,00|||20230202||
AC|Achats|AC00048|20230131|491000|Depreciation des comptes clients|||AC012699|20230131|FACT 250113 ELECTRICITE DE FRANCE|0,00|183,75|||20230202||
AC|Achats|AC00049|20231114|622600|Honoraires|||AC116200|20231114|FACT 250218 TELECOM SAS|1455,64|0,00|||20231115||
AC|Achats|AC00049|20231114|408400|Fournisseurs d'immobilisations - Factures non parvenues|||AC116200|20231114|FACT 250218 TELECOM SAS|0,00|1455,64|||20231115||
AC|Achats|AC00050|20231009|401000|Fournisseurs|F00006|MAINTENANCE PRO|AC106242|20231009|FACT 250104 DALKIA FRANCE|2515,52|0,00|||20231010||
AC|Achats|AC00050|20231009|514000|Cheques postaux|||AC106242|20231009|FACT 250104 DALKIA FRANCE|0,00|2515,52|||20231010||
AC|Achats|AC00051|20230502|623000|Publicite, publications, relations publiques|||AC051921|20230502|FACT 250202 FOURNITURES BUREAU|710,10|0,00|||20230506||
AC|Achats|AC00051|20230502|447100|Autres impots, taxes et versements assimiles|||AC051921|20230502|FACT 250202 FOURNITURES BUREAU|0,00|710,10|||20230506||
AC|Achats|AC00052|20231020|615200|Entretien et reparations sur biens immobiliers|||AC108677|20231020|FACT 250202 ELECTRICITE DE FRANCE|1752,56|0,00|||20231026||
AC|Achats|AC00052|20231020|438200|Charges sociales sur conges a payer|||AC108677|20231020|FACT 250202 ELECTRICITE DE FRANCE|0,00|1752,56|||20231026||
AC|Achats|AC00053|20230718|628100|Concours divers (cotisations...)|||AC077326|20230718|FACT 250218 TELECOM SAS|1307,60|0,00|||20230718||
AC|Achats|AC00053|20230718|445620|TVA deductible sur immobilisations|||AC077326|20230718|FACT 250218 TELECOM SAS|0,00|1307,60|||20230718||
AC|Achats|AC00054|20230520|606100|Electricite, gaz, eau|||AC059713|20230518|FACT 250214 DALKIA FRANCE|182,96|0,00|||20230525||
AC|Achats|AC00054|20230518|404000|Fournisseurs d'immobilisations|||AC059713|20230518|FACT 250214 DALKIA FRANCE|0,00|182,96|||20230525||
AC|Achats|AC00055|20230210|623000|Publicite, publications, relations publiques|||AC021319|20230210|FACT 250217 ELECTRICITE DE FRANCE|457,82|0,00|||20230212||
AC|Achats|AC00055|20230210|403000|Fournisseurs - Effets a payer|||AC021319|20230210|FACT 250217 ELECTRICITE DE FRANCE|0,00|457,82|||20230212||
AC|Achats|AC00056|20231124|622700|Frais d'actes et de contentieux|||AC113736|20231124|FACT 250131 FOURNITURES BUREAU|406,95|0,00|||20231130||
AC|Achats|AC00056|20231124|512100|Banque secondaire|||AC113736|20231124|FACT 250131 FOURNITURES BUREAU|0,00|406,95|||20231130||
AC|Achats|AC00057|20231108|602100|Achats de matieres consommables|||AC118772|20231108|FACT 250220 ELECTRICITE DE FRANCE|112,86|0,00|||20231114||
AC|Achats|AC00057|20231108|530000|Caisse|||AC118772|20231108|FACT 250220 ELECTRICITE DE FRANCE|0,00|112,86|||20231114||
AC|Achats|AC00058|20230623|612000|Redevances de credit-bail|||AC061959|20230623|FACT 250209 PAPETERIE EXPRESS|997,72|0,00|||20230627||
AC|Achats|AC00058|20230623|445710|TVA collectee a payer|||AC061959|20230623|FACT 250209 PAPETERIE EXPRESS|0,00|997,72|||20230627||
AC|Achats|AC00059|20231124|611000|Sous-traitance generale|||AC113320|20231124|FACT 250115 FOURNITURES BUREAU|122,10|0,00|||20231125||
AC|Achats|AC00059|20231124|445510|TVA a decaisser|||AC113320|20231124|FACT 250115 FOURNITURES BUREAU|0,00|122,10|||20231125||
AC|Achats|AC00060|20230830|622600|Honoraires|||AC088388|20230830|FACT 250120 PAPETERIE EXPRESS|1091,54|0,00|||20230831||
AC|Achats|AC00060|20230830|438200|Charges sociales sur conges a payer|||AC088388|20230830|FACT 250120 PAPETERIE EXPRESS|0,00|1091,54|||20230831||
AC|Achats|AC00061|20231121|625100|Voyages et deplacements|||AC116411|20231121|FACT 250210 TELECOM SAS|581,03|0,00|||20231123||
AC|Achats|AC00061|20231121|428200|Personnel - Conges payes|||AC116411|20231121|FACT 250210 TELECOM SAS|0,00|581,03|||20231123||
AC|Achats|AC00062|20231128|602100|Achats de matieres consommables|||AC117427|20231128|FACT 250220 ELECTRICITE DE FRANCE|784,37|0,00|||20231205||
AC|Achats|AC00062|20231128|428200|Personnel - Conges payes|||AC117427|20231128|FACT 250220 ELECTRICITE DE FRANCE|0,00|784,37|||20231205||
AC|Achats|AC00063|20231102|614000|Charges locatives|||AC111468|20231102|FACT 250226 PAPETERIE EXPRESS|1285,73|0,00|||20231106||
AC|Achats|AC00063|20231102|471000|Compte d'attente|||AC111468|20231102|FACT 250226 PAPETERIE EXPRESS|0,00|1285,73|||20231106||
AC|Achats|AC00064|20230511|622700|Frais d'actes et de contentieux|||AC051322|20230511|FACT 250207 TELECOM SAS|501,63|0,00|||20230515||
AC|Achats|AC00064|20230511|487000|Produits constates d'avance|||AC051322|20230511|FACT 250207 TELECOM SAS|0,00|501,63|||20230515||
AC|Achats|AC00065|20230714|606400|Fournitures administratives|||AC078231|20230714|FACT 250101 ELECTRICITE DE FRANCE|771,13|0,00|||20230718||
AC|Achats|AC00065|20230714|514000|Cheques postaux|||AC078231|20230714|FACT 250101 ELECTRICITE DE FRANCE|0,00|771,13|||20230718||
AC|Achats|AC00066|20230616|611000|Sous-traitance generale|||AC066957|20230616|FACT 250218 DALKIA FRANCE|135,39|0,00|||20230618||
AC|Achats|AC00066|20230616|467000|Autres comptes debiteurs ou crediteurs|||AC066957|20230616|FACT 250218 DALKIA FRANCE|0,00|135,39|||20230618||
AC|Achats|AC00067|20230208|623400|Cadeaux a la clientele|||AC029546|20230208|FACT 250223 PAPETERIE EXPRESS|374,57|0,00|||20230213||
AC|Achats|AC00067|20230208|409100|Fournisseurs - Avances et acomptes verses|||AC029546|20230208|FACT 250223 PAPETERIE EXPRESS|0,00|374,57|||20230213||
AC|Achats|AC00068|20230620|615200|Entretien et reparations sur biens immobiliers|||AC068871|20230620|FACT 250107 DALKIA FRANCE|1733,22|0,00|||20230620||
AC|Achats|AC00068|20230620|511000|Valeurs a l'encaissement|||AC068871|20230620|FACT 250107 DALKIA FRANCE|0,00|1733,22|||20230620||
AC|Achats|AC00069|20230428|602200|Achats de fournitures consommables|||AC048276|20230428|FACT 250214 PAPETERIE EXPRESS|1019,78|0,00|||20230505||
AC|Achats|AC00069|20230428|580000|Virements internes|||AC048276|20230428|FACT 250214 PAPETERIE EXPRESS|0,00|1019,78|||20230505||
AC|Achats|AC00070|20230825|623400|Cadeaux a la clientele|||AC086629|20230825|FACT 250109 PAPETERIE EXPRESS|964,51|0,00|||20230829||
AC|Achats|AC00070|20230825|445870|TVA sur factures a etablir|||AC086629|20230825|FACT 250109 PAPETERIE EXPRESS|0,00|964,51|||20230829||
AC|Achats|AC00071|20230111|621000|Personnel exterieur a l'entreprise|||AC019187|20230111|FACT 250205 FOURNITURES BUREAU|368,06|0,00|||20230116||
AC|Achats|AC00071|20230111|421000|Personnel - Remunerations dues|||AC019187|20230111|FACT 250205 FOURNITURES BUREAU|0,00|368,06|||20230116||
AC|Achats|AC00072|20230113|613200|Locations immobilieres|||AC018124|20230113|FACT 250123 DALKIA FRANCE|1431,64|0,00|||20230116||
AC|Achats|AC00072|20230113|590000|Depreciation des valeurs mobilieres de placement|||AC018124|20230113|FACT 250123 DALKIA FRANCE|0,00|1431,64|||20230116||
AC|Achats|AC00073|20230908|622700|Frais d'actes et de contentieux|||AC091048|20230908|FACT 250118 TELECOM SAS|1813,35|0,00|||20230913||
AC|Achats|AC00073|20230908|445660|TVA deductible sur ABS|||AC091048|20230908|FACT 250118 TELECOM SAS|0,00|1813,35|||20230913||
AC|Achats|AC00074|20230525|608500|Frais accessoires d'achat|||AC051382|20230525|FACT 250207 PAPETERIE EXPRESS|1943,23|0,00|||20230527||
AC|Achats|AC00074|20230525|444000|Etat - Impots sur les benefices|||AC051382|20230525|FACT 250207 PAPETERIE EXPRESS|0,00|1943,23|||20230527||
AC|Achats|AC00075|20230210|602100|Achats de matieres consommables|||AC026065|20230210|FACT 250218 FOURNITURES BUREAU|492,61|0,00|||20230215||
AC|Achats|AC00075|20230210|418100|Clients - Factures a etablir|||AC026065|20230210|FACT 250218 FOURNITURES BUREAU|0,00|492,61|||20230215||
AC|Achats|AC00076|20230714|625600|Missions|||AC073270|20230714|FACT 250106 DALKIA FRANCE|294,21|0,00|||20230718||
AC|Achats|AC00076|20230714|468600|Charges a payer|||AC073270|20230714|FACT 250106 DALKIA FRANCE|0,00|294,21|||20230718||
AC|Achats|AC00077|20230602|627000|Services bancaires et assimiles|||AC062249|20230602|FACT 250207 DALKIA FRANCE|1445,90|0,00|||20230603||
AC|Achats|AC00077|20230602|445710|TVA collectee a payer|||AC062249|20230602|FACT 250207 DALKIA FRANCE|0,00|1445,90|||20230603||
AC|Achats|AC00078|20230719|613500|Locations mobilieres|||AC072311|20230719|FACT 250202 FOURNITURES BUREAU|955,37|0,00|||20230724||
AC|Achats|AC00078|20230719|445870|TVA sur factures a etablir|||AC072311|20230719|FACT 250202 FOURNITURES BUREAU|0,00|955,37|||20230724||
AC|Achats|AC00079|20230130|615500|Entretien et reparations sur biens mobiliers|||AC018811|20230130|FACT 250106 FOURNITURES BUREAU|1679,66|0,00|||20230202||
AC|Achats|AC00079|20230130|419100|Clients - Avances et acomptes recus|||AC018811|20230130|FACT 250106 FOURNITURES BUREAU|0,00|1679,66|||20230202||
AC|Achats|AC00080|20230425|613200|Locations immobilieres|||AC048258|20230425|FACT 250113 PAPETERIE EXPRESS|366,50|0,00|||20230501||
AC|Achats|AC00080|20230425|518100|Interets courus a payer|||AC048258|20230425|FACT 250113 PAPETERIE EXPRESS|0,00|366,50|||20230501||
AC|Achats|AC00081|20230802|615200|Entretien et reparations sur biens immobiliers|||AC084214|20230802|FACT 250104 ELECTRICITE DE FRANCE|834,83|0,00|||20230806||
AC|Achats|AC00081|20230802|445870|TVA sur factures a etablir|||AC084214|20230802|FACT 250104 ELECTRICITE DE FRANCE|0,00|834,83|||20230806||
AC|Achats|AC00082|20231009|628100|Concours divers (cotisations...)|||AC105705|20231009|FACT 250220 ELECTRICITE DE FRANCE|60,88|0,00|||20231009||
AC|Achats|AC00082|20231009|437000|Autres organismes sociaux|||AC105705|20231009|FACT 250220 ELECTRICITE DE FRANCE|0,00|60,88|||20231009||
AC|Achats|AC00083|20230424|606400|Fournitures administratives|||AC049411|20230424|FACT 250131 TELECOM SAS|725,18|0,00|||20230501||
AC|Achats|AC00083|20230424|416000|Clients douteux|||AC049411|20230424|FACT 250131 TELECOM SAS|0,00|725,18|||20230501||
AC|Achats|AC00084|20231106|622600|Honoraires|||AC116309|20231106|FACT 250201 ELECTRICITE DE FRANCE|818,87|0,00|||20231108||
AC|Achats|AC00084|20231106|425000|Personnel - Avances et acomptes|||AC116309|20231106|FACT 250201 ELECTRICITE DE FRANCE|0,00|818,87|||20231108||
AC|Achats|AC00085|20230912|627000|Services bancaires et assimiles|||AC092469|20230912|FACT 250208 PAPETERIE EXPRESS|232,22|0,00|||20230912||
AC|Achats|AC00085|20230912|416000|Clients douteux|||AC092469|20230912|FACT 250208 PAPETERIE EXPRESS|0,00|232,22|||20230912||
AC|Achats|AC00086|20230606|625100|Voyages et deplacements|||AC064234|20230606|FACT 250208 TELECOM SAS|831,12|0,00|||20230613||
AC|Achats|AC00086|20230606|445510|TVA a decaisser|||AC064234|20230606|FACT 250208 TELECOM SAS|0,00|831,12|||20230613||
AC|Achats|AC00087|20230602|621000|Personnel exterieur a l'entreprise|||AC064756|20230602|FACT 250110 DALKIA FRANCE|1763,95|0,00|||20230605||
AC|Achats|AC00087|20230602|403000|Fournisseurs - Effets a payer|||AC064756|20230602|FACT 250110 DALKIA FRANCE|0,00|1763,95|||20230605||
AC|Achats|AC00088|20230908|602100|Achats de matieres consommables|||AC095220|20230908|FACT 250110 TELECOM SAS|1108,21|0,00|||20230908||
AC|Achats|AC00088|20230908|491000|Depreciation des comptes clients|||AC095220|20230908|FACT 250110 TELECOM SAS|0,00|1108,21|||20230908||
AC|Achats|AC00089|20231215|606400|Fournitures administratives|||AC121802|20231215|FACT 250226 ELECTRICITE DE FRANCE|992,66|0,00|||20231220||
AC|Achats|AC00089|20231215|445520|TVA due intracommunautaire|||AC121802|20231215|FACT 250226 ELECTRICITE DE FRANCE|0,00|992,66|||20231220||
AC|Achats|AC00090|20231201|614000|Charges locatives|||AC128036|20231201|FACT 250219 TELECOM SAS|586,69|0,00|||20231207||
AC|Achats|AC00090|20231201|491000|Depreciation des comptes clients|||AC128036|20231201|FACT 250219 TELECOM SAS|0,00|586,69|||20231207||
AC|Achats|AC00091|20230307|616000|Primes d'assurance|||AC035472|20230307|FACT 250121 ELECTRICITE DE FRANCE|301,87|0,00|||20230312||
AC|Achats|AC00091|20230307|408400|Fournisseurs d'immobilisations - Factures non parvenues|||AC035472|20230307|FACT 250121 ELECTRICITE DE FRANCE|0,00|301,87|||20230312||
AC|Achats|AC00092|20230227|614000|Charges locatives|||AC021542|20230227|FACT 250207 PAPETERIE EXPRESS|196,03|0,00|||20230227||
AC|Achats|AC00092|20230227|445670|TVA collectee|||AC021542|20230227|FACT 250207 PAPETERIE EXPRESS|0,00|196,03|||20230227||
AC|Achats|AC00093|20230728|626000|Frais postaux et de telecommunications|||AC071987|20230728|FACT 250211 PAPETERIE EXPRESS|1231,70|0,00|||20230729||
AC|Achats|AC00093|20230728|428200|Personnel - Conges payes|||AC071987|20230728|FACT 250211 PAPETERIE EXPRESS|0,00|1231,70|||20230729||
AC|Achats|AC00094|20230222|612000|Redevances de credit-bail|||AC029282|20230222|FACT 250216 PAPETERIE EXPRESS|1023,69|0,00|||20230227||
AC|Achats|AC00094|20230222|445870|TVA sur factures a etablir|||AC029282|20230222|FACT 250216 PAPETERIE EXPRESS|0,00|1023,69|||20230227||
AC|Achats|AC00095|20231003|622600|Honoraires|||AC109393|20231003|FACT 250212 ELECTRICITE DE FRANCE|586,57|0,00|||20231005||
AC|Achats|AC00095|20231003|428200|Personnel - Conges payes|||AC109393|20231003|FACT 250212 ELECTRICITE DE FRANCE|0,00|586,57|||20231005||
AC|Achats|AC00096|20230426|627000|Services bancaires et assimiles|||AC048646|20230426|FACT 250205 FOURNITURES BUREAU|364,02|0,00|||20230501||
AC|Achats|AC00096|20230426|425000|Personnel - Avances et acomptes|||AC048646|20230426|FACT 250205 FOURNITURES BUREAU|0,00|364,02|||20230501||
AC|Achats|AC00097|20230531|615200|Entretien et reparations sur biens immobiliers|||AC056769|20230531|FACT 250119 FOURNITURES BUREAU|1664,37|0,00|||20230606||
AC|Achats|AC00097|20230531|427000|Personnel - Oppositions|||AC056769|20230531|FACT 250119 FOURNITURES BUREAU|0,00|1664,37|||20230606||
AC|Achats|AC00098|20231102|613500|Locations mobilieres|||AC117158|20231102|FACT 250215 DALKIA FRANCE|320,75|0,00|||20231108||
AC|Achats|AC00098|20231102|511000|Valeurs a l'encaissement|||AC117158|20231102|FACT 250215 DALKIA FRANCE|0,00|320,75|||20231108||
AC|Achats|AC00099|20230404|626000|Frais postaux et de telecommunications|||AC049032|20230404|FACT 250120 ELECTRICITE DE FRANCE|1258,49|0,00|||20230405||
AC|Achats|AC00099|20230404|445510|TVA a decaisser|||AC049032|20230404|FACT 250120 ELECTRICITE DE FRANCE|0,00|1258,49|||20230405||
AC|Achats|AC00100|20231115|602200|Achats de fournitures consommables|||AC119671|20231115|FACT 250225 TELECOM SAS|160,79|0,00|||20231119||
AC|Achats|AC00100|20231115|486000|Charges constatees d'avance|||AC119671|20231115|FACT 250225 TELECOM SAS|0,00|160,79|||20231119||
AC|Achats|AC00101|20230106|621000|Personnel exterieur a l'entreprise|||AC015060|20230106|FACT 250106 PAPETERIE EXPRESS|597,06|0,00|||20230111||
AC|Achats|AC00101|20230106|590000|Depreciation des valeurs mobilieres de placement|||AC015060|20230106|FACT 250106 PAPETERIE EXPRESS|0,00|597,06|||20230111||
AC|Achats|AC00102|20230823|602100|Achats de matieres consommables|||AC083790|20230823|FACT 250101 DALKIA FRANCE|1124,87|0,00|||20230826||
AC|Achats|AC00102|20230823|500000|Valeurs mobilieres de placement|||AC083790|20230823|FACT 250101 DALKIA FRANCE|0,00|1124,87|||20230826||
AC|Achats|AC00103|20230726|622600|Honoraires|||AC074614|20230726|FACT 250218 FOURNITURES BUREAU|250,81|0,00|||20230802||
AC|Achats|AC00103|20230726|413000|Clients - Effets a recevoir|||AC074614|20230726|FACT 250218 FOURNITURES BUREAU|0,00|250,81|||20230802||
AC|Achats|AC00104|20230628|613500|Locations mobilieres|||AC065657|20230628|FACT 250214 PAPETERIE EXPRESS|387,87|0,00|||20230702||
AC|Achats|AC00104|20230628|438200|Charges sociales sur conges a payer|||AC065657|20230628|FACT 250214 PAPETERIE EXPRESS|0,00|387,87|||20230702||
AC|Achats|AC00105|20231027|613500|Locations mobilieres|||AC103135|20231027|FACT 250223 DALKIA FRANCE|1852,00|0,00|||20231103||
AC|Achats|AC00105|20231027|418100|Clients - Factures a etablir|||AC103135|20231027|FACT 250223 DALKIA FRANCE|0,00|1852,00|||20231103||
AC|Achats|AC00106|20230621|608500|Frais accessoires d'achat|||AC062238|20230621|FACT 250120 ELECTRICITE DE FRANCE|842,68|0,00|||20230623||
AC|Achats|AC00106|20230621|445660|TVA deductible sur ABS|||AC062238|20230621|FACT 250120 ELECTRICITE DE FRANCE|0,00|842,68|||20230623||
AC|Achats|AC00107|20230524|606800|Autres matieres et fournitures|||AC052660|20230524|FACT 250220 TELECOM SAS|508,19|0,00|||20230527||
AC|Achats|AC00107|20230524|437000|Autres organismes sociaux|||AC052660|20230524|FACT 250220 TELECOM SAS|0,00|508,19|||20230527||
AC|Achats|AC00108|20230306|401000|Fournisseurs|F00006|MAINTENANCE PRO|AC038536|20230306|FACT 250202 DALKIA FRANCE|3272,47|0,00|||20230309||
AC|Achats|AC00108|20230306|512000|Banque principale|||AC038536|20230306|FACT 250202 DALKIA FRANCE|0,00|3272,47|||20230309||
AC|Achats|AC00109|20230609|606100|Electricite, gaz, eau|||AC063563|20230609|FACT 250204 PAPETERIE EXPRESS|1846,79|0,00|||20230612||
AC|Achats|AC00109|20230609|416000|Clients douteux|||AC063563|20230609|FACT 250204 PAPETERIE EXPRESS|0,00|1846,79|||20230612||
AC|Achats|AC00110|20230612|626000|Frais postaux et de telecommunications|||AC067621|20230612|FACT 250123 DALKIA FRANCE|1822,07|0,00|||20230613||
AC|Achats|AC00110|20230612|403000|Fournisseurs - Effets a payer|||AC067621|20230612|FACT 250123 DALKIA FRANCE|0,00|1822,07|||20230613||
AC|Achats|AC00111|20230811|607000|Achats de marchandises|||AC081614|20230811|FACT 250227 PAPETERIE EXPRESS|145,02|0,00|||20230817||
AC|Achats|AC00111|20230811|416000|Clients douteux|||AC081614|20230811|FACT 250227 PAPETERIE EXPRESS|0,00|145,02|||20230817||
AC|Achats|AC00112|20231002|625700|Receptions|||AC102843|20231002|FACT 250128 FOURNITURES BUREAU|837,67|0,00|||20231005||
AC|Achats|AC00112|20231002|445620|TVA deductible sur immobilisations|||AC102843|20231002|FACT 250128 FOURNITURES BUREAU|0,00|837,67|||20231005||
AC|Achats|AC00113|20230228|611000|Sous-traitance generale|||AC021094|20230228|FACT 250106 TELECOM SAS|867,12|0,00|||20230228||
AC|Achats|AC00113|20230228|512000|Banque principale|||AC021094|20230228|FACT 250106 TELECOM SAS|0,00|867,12|||20230228||
AC|Achats|AC00114|20230926|613500|Locations mobilieres|||AC099024|20230926|FACT 250222 FOURNITURES BUREAU|347,97|0,00|||20230928||
AC|Achats|AC00114|20230926|427000|Personnel - Oppositions|||AC099024|20230926|FACT 250222 FOURNITURES BUREAU|0,00|347,97|||20230928||
AC|Achats|AC00115|20230106|601000|Achats de matieres premieres|||AC013813|20230106|FACT 250120 PAPETERIE EXPRESS|703,11|0,00|||20230107||
AC|Achats|AC00115|20230106|428200|Personnel - Conges payes|||AC013813|20230106|FACT 250120 PAPETERIE EXPRESS|0,00|703,11|||20230107||
AC|Achats|AC00116|20230620|615500|Entretien et reparations sur biens mobiliers|||AC065844|20230620|FACT 250222 ELECTRICITE DE FRANCE|316,53|0,00|||20230625||
AC|Achats|AC00116|20230620|468600|Charges a payer|||AC065844|20230620|FACT 250222 ELECTRICITE DE FRANCE|0,00|316,53|||20230625||
AC|Achats|AC00117|20230703|611000|Sous-traitance generale|||AC079775|20230703|FACT 250128 PAPETERIE EXPRESS|1224,52|0,00|||20230710||
AC|Achats|AC00117|20230703|419100|Clients - Avances et acomptes recus|||AC079775|20230703|FACT 250128 PAPETERIE EXPRESS|0,00|1224,52|||20230710||
AC|Achats|AC00118|20230120|401000|Fournisseurs|F00007|ASSURANCE GENERALI|AC017030|20230120|FACT 250210 ELECTRICITE DE FRANCE|257,97|0,00|||20230120||
AC|Achats|AC00118|20230120|508000|Interets courus sur VMP|||AC017030|20230120|FACT 250210 ELECTRICITE DE FRANCE|0,00|257,97|||20230120||
AC|Achats|AC00119|20230929|602100|Achats de matieres consommables|||AC096096|20230929|FACT 250114 PAPETERIE EXPRESS|1396,43|0,00|||20231004||
AC|Achats|AC00119|20230929|512100|Banque secondaire|||AC096096|20230929|FACT 250114 PAPETERIE EXPRESS|0,00|1396,43|||20231004||
AC|Achats|AC00120|20230123|606300|Fournitures d'entretien et petit equipement|||AC018529|20230123|FACT 250127 ELECTRICITE DE FRANCE|1855,39|0,00|||20230127||
AC|Achats|AC00120|20230123|445870|TVA sur factures a etablir|||AC018529|20230123|FACT 250127 ELECTRICITE DE FRANCE|0,00|1855,39|||20230127||
AC|Achats|AC00121|20231205|607000|Achats de marchandises|||AC122458|20231205|FACT 250207 TELECOM SAS|1246,74|0,00|||20231209||
AC|Achats|AC00121|20231205|428200|Personnel - Conges payes|||AC122458|20231205|FACT 250207 TELECOM SAS|0,00|1246,74|||20231209||
AC|Achats|AC00122|20230518|606400|Fournitures administratives|||AC054507|20230518|FACT 250130 TELECOM SAS|218,00|0,00|||20230523||
AC|Achats|AC00122|20230518|403000|Fournisseurs - Effets a payer|||AC054507|20230518|FACT 250130 TELECOM SAS|0,00|218,00|||20230523||
AC|Achats|AC00123|20230619|606300|Fournitures d'entretien et petit equipement|||AC065649|20230619|FACT 250106 TELECOM SAS|1298,64|0,00|||20230622||
AC|Achats|AC00123|20230619|471000|Compte d'attente|||AC065649|20230619|FACT 250106 TELECOM SAS|0,00|1298,64|||20230622||
AC|Achats|AC00124|20230804|615600|Maintenance|||AC087427|20230804|FACT 250219 ELECTRICITE DE FRANCE|807,40|0,00|||20230804||
AC|Achats|AC00124|20230804|518700|Interets courus a recevoir|||AC087427|20230804|FACT 250219 ELECTRICITE DE FRANCE|0,00|807,40|||20230804||
AC|Achats|AC00125|20230916|602200|Achats de fournitures consommables|||AC091615|20230911|FACT 250212 DALKIA FRANCE|26,08|0,00|||20230916||
AC|Achats|AC00125|20230911|409100|Fournisseurs - Avances et acomptes verses|||AC091615|20230911|FACT 250212 DALKIA FRANCE|0,00|26,08|||20230916||
AC|Achats|AC00126|20230731|628100|Concours divers (cotisations...)|||AC071941|20230731|FACT 250114 ELECTRICITE DE FRANCE|1091,00|0,00|||20230731||
AC|Achats|AC00126|20230731|445670|TVA collectee|||AC071941|20230731|FACT 250114 ELECTRICITE DE FRANCE|0,00|1091,00|||20230731||
AC|Achats|AC00127|20230804|622700|Frais d'actes et de contentieux|||AC081577|20230804|FACT 250130 ELECTRICITE DE FRANCE|1794,22|0,00|||20230809||
AC|Achats|AC00127|20230804|445660|TVA deductible sur ABS|||AC081577|20230804|FACT 250130 ELECTRICITE DE FRANCE|0,00|1794,22|||20230809||
AC|Achats|AC00128|20231129|625700|Receptions|||AC115904|20231129|FACT 250212 FOURNITURES BUREAU|702,42|0,00|||20231201||
AC|Achats|AC00128|20231129|590000|Depreciation des valeurs mobilieres de placement|||AC115904|20231129|FACT 250212 FOURNITURES BUREAU|0,00|702,42|||20231201||
AC|Achats|AC00129|20230428|615600|Maintenance|||AC043842|20230428|FACT 250203 PAPETERIE EXPRESS|752,98|0,00|||20230430||
AC|Achats|AC00129|20230428|431000|Securite sociale|||AC043842|20230428|FACT 250203 PAPETERIE EXPRESS|0,00|752,98|||20230430||
AC|Achats|AC00130|20230320|606300|Fournitures d'entretien et petit equipement|||AC033859|20230320|FACT 250123 DALKIA FRANCE|462,03|0,00|||20230326||
AC|Achats|AC00130|20230320|445510|TVA a decaisser|||AC033859|20230320|FACT 250123 DALKIA FRANCE|0,00|462,03|||20230326||
AC|Achats|AC00131|20230922|625100|Voyages et deplacements|||AC099652|20230922|FACT 250131 DALKIA FRANCE|999,56|0,00|||20230925||
AC|Achats|AC00131|20230922|518100|Interets courus a payer|||AC099652|20230922|FACT 250131 DALKIA FRANCE|0,00|999,56|||20230925||
AC|Achats|AC00132|20231012|606400|Fournitures administratives|||AC105627|20231012|FACT 250220 PAPETERIE EXPRESS|1632,55|0,00|||20231018||
AC|Achats|AC00132|20231012|431000|Securite sociale|||AC105627|20231012|FACT 250220 PAPETERIE EXPRESS|0,00|1632,55|||20231018||
AC|Achats|AC00133|20230905|608500|Frais accessoires d'achat|||AC095259|20230905|FACT 250223 FOURNITURES BUREAU|18,88|0,00|||20230911||
AC|Achats|AC00133|20230905|455000|Associes - Comptes courants|||AC095259|20230905|FACT 250223 FOURNITURES BUREAU|0,00|18,88|||20230911||
AC|Achats|AC00134|20230801|616000|Primes d'assurance|||AC088962|20230801|FACT 250119 ELECTRICITE DE FRANCE|841,65|0,00|||20230806||
AC|Achats|AC00134|20230801|467000|Autres comptes debiteurs ou crediteurs|||AC088962|20230801|FACT 250119 ELECTRICITE DE FRANCE|0,00|841,65|||20230806||
AC|Achats|AC00135|20231002|623400|Cadeaux a la clientele|||AC107513|20231002|FACT 250124 TELECOM SAS|1889,18|0,00|||20231009||
AC|Achats|AC00135|20231002|518700|Interets courus a recevoir|||AC107513|20231002|FACT 250124 TELECOM SAS|0,00|1889,18|||20231009||
AC|Achats|AC00136|20231110|606100|Electricite, gaz, eau|||AC112930|20231110|FACT 250103 TELECOM SAS|14,44|0,00|||20231116||
AC|Achats|AC00136|20231110|438200|Charges sociales sur conges a payer|||AC112930|20231110|FACT 250103 TELECOM SAS|0,00|14,44|||20231116||
AC|Achats|AC00137|20230531|626000|Frais postaux et de telecommunications|||AC058595|20230531|FACT 250225 TELECOM SAS|932,00|0,00|||20230606||
AC|Achats|AC00137|20230531|403000|Fournisseurs - Effets a payer|||AC058595|20230531|FACT 250225 TELECOM SAS|0,00|932,00|||20230606||
AC|Achats|AC00138|20230426|616000|Primes d'assurance|||AC044364|20230426|FACT 250113 FOURNITURES BUREAU|944,78|0,00|||20230428||
AC|Achats|AC00138|20230426|455000|Associes - Comptes courants|||AC044364|20230426|FACT 250113 FOURNITURES BUREAU|0,00|944,78|||20230428||
AC|Achats|AC00139|20231219|613200|Locations immobilieres|||AC129336|20231219|FACT 250219 PAPETERIE EXPRESS|1160,00|0,00|||20231224||
AC|Achats|AC00139|20231219|445670|TVA collectee|||AC129336|20231219|FACT 250219 PAPETERIE EXPRESS|0,00|1160,00|||20231224||
AC|Achats|AC00140|20230620|611000|Sous-traitance generale|||AC062364|20230620|FACT 250104 FOURNITURES BUREAU|877,80|0,00|||20230620||
AC|Achats|AC00140|20230620|451000|Groupe|||AC062364|20230620|FACT 250104 FOURNITURES BUREAU|0,00|877,80|||20230620||
AC|Achats|AC00141|20230329|606300|Fournitures d'entretien et petit equipement|||AC033013|20230329|FACT 250110 ELECTRICITE DE FRANCE|1557,29|0,00|||20230403||
AC|Achats|AC00141|20230329|445710|TVA collectee a payer|||AC033013|20230329|FACT 250110 ELECTRICITE DE FRANCE|0,00|1557,29|||20230403||
AC|Achats|AC00142|20230817|623400|Cadeaux a la clientele|||AC088663|20230817|FACT 250224 PAPETERIE EXPRESS|317,22|0,00|||20230822||
AC|Achats|AC00142|20230817|468600|Charges a payer|||AC088663|20230817|FACT 250224 PAPETERIE EXPRESS|0,00|317,22|||20230822||
AC|Achats|AC00143|20230125|627000|Services bancaires et assimiles|||AC014415|20230125|FACT 250121 FOURNITURES BUREAU|1739,50|0,00|||20230201||
AC|Achats|AC00143|20230125|411000|Clients|C00003|CLIENT GAMMA|AC014415|20230125|FACT 250121 FOURNITURES BUREAU|0,00|1739,50|||20230201||
AC|Achats|AC00144|20231101|608500|Frais accessoires d'achat|||AC119072|20231101|FACT 250103 PAPETERIE EXPRESS|303,85|0,00|||20231108||
AC|Achats|AC00144|20231101|403000|Fournisseurs - Effets a payer|||AC119072|20231101|FACT 250103 PAPETERIE EXPRESS|0,00|303,85|||20231108||
AC|Achats|AC00145|20230210|613500|Locations mobilieres|||AC023638|20230210|FACT 250115 TELECOM SAS|601,90|0,00|||20230212||
AC|Achats|AC00145|20230210|418100|Clients - Factures a etablir|||AC023638|20230210|FACT 250115 TELECOM SAS|0,00|601,90|||20230212||
AC|Achats|AC00146|20231201|628100|Concours divers (cotisations...)|||AC124486|20231201|FACT 250211 ELECTRICITE DE FRANCE|1830,66|0,00|||20231203||
AC|Achats|AC00146|20231201|447100|Autres impots, taxes et versements assimiles|||AC124486|20231201|FACT 250211 ELECTRICITE DE FRANCE|0,00|1830,66|||20231203||
AC|Achats|AC00147|20230811|618500|Frais de colloques, seminaires, conferences|||AC082807|20230811|FACT 250104 PAPETERIE EXPRESS|247,32|0,00|||20230813||
AC|Achats|AC00147|20230811|425000|Personnel - Avances et acomptes|||AC082807|20230811|FACT 250104 PAPETERIE EXPRESS|0,00|247,32|||20230813||
AC|Achats|AC00148|20230630|618100|Documentation generale|||AC065082|20230630|FACT 250213 FOURNITURES BUREAU|313,68|0,00|||20230703||
AC|Achats|AC00148|20230630|517000|Autres organismes financiers|||AC065082|20230630|FACT 250213 FOURNITURES BUREAU|0,00|313,68|||20230703||
AC|Achats|AC00149|20231221|622700|Frais d'actes et de contentieux|||AC129328|20231221|FACT 250202 TELECOM SAS|1165,86|0,00|||20231221||
AC|Achats|AC00149|20231221|518700|Interets courus a recevoir|||AC129328|20231221|FACT 250202 TELECOM SAS|0,00|1165,86|||20231221||
AC|Achats|AC00150|20230617|623100|Annonces et insertions|||AC069296|20230616|FACT 250119 FOURNITURES BUREAU|1908,44|0,00|||20230620||
AC|Achats|AC00150|20230616|425000|Personnel - Avances et acomptes|||AC069296|20230616|FACT 250119 FOURNITURES BUREAU|0,00|1908,44|||20230620||
AC|Achats|AC00151|20230609|623000|Publicite, publications, relations publiques|||AC068782|20230609|FACT 250218 DALKIA FRANCE|1808,61|0,00|||20230614||
AC|Achats|AC00151|20230609|425000|Personnel - Avances et acomptes|||AC068782|20230609|FACT 250218 DALKIA FRANCE|0,00|1808,61|||20230614||
AC|Achats|AC00152|20231005|616000|Primes d'assurance|||AC103060|20231005|FACT 250122 FOURNITURES BUREAU|1732,52|0,00|||20231006||
AC|Achats|AC00152|20231005|431000|Securite sociale|||AC103060|20231005|FACT 250122 FOURNITURES BUREAU|0,00|1732,52|||20231006||
AC|Achats|AC00153|20230630|611000|Sous-traitance generale|||AC062606|20230630|FACT 250220 TELECOM SAS|911,00|0,00|||20230706||
AC|Achats|AC00153|20230630|403000|Fournisseurs - Effets a payer|||AC062606|20230630|FACT 250220 TELECOM SAS|0,00|911,00|||20230706||
AC|Achats|AC00154|20230310|627000|Services bancaires et assimiles|||AC038753|20230310|FACT 250118 PAPETERIE EXPRESS|1410,68|0,00|||20230311||
AC|Achats|AC00154|20230310|445510|TVA a decaisser|||AC038753|20230310|FACT 250118 PAPETERIE EXPRESS|0,00|1410,68|||20230311||
AC|Achats|AC00155|20230515|602200|Achats de fournitures consommables|||AC056464|20230515|FACT 250119 ELECTRICITE DE FRANCE|391,00|0,00|||20230521||
AC|Achats|AC00155|20230515|416000|Clients douteux|||AC056464|20230515|FACT 250119 ELECTRICITE DE FRANCE|0,00|391,00|||20230521||
AC|Achats|AC00156|20230615|615200|Entretien et reparations sur biens immobiliers|||AC063565|20230615|FACT 250219 FOURNITURES BUREAU|1771,46|0,00|||20230615||
AC|Achats|AC00156|20230615|500000|Valeurs mobilieres de placement|||AC063565|20230615|FACT 250219 FOURNITURES BUREAU|0,00|1771,46|||20230615||
AC|Achats|AC00157|20231115|602200|Achats de fournitures consommables|||AC119294|20231115|FACT 250116 DALKIA FRANCE|1425,90|0,00|||20231122||
AC|Achats|AC00157|20231115|408100|Fournisseurs - Factures non parvenues|||AC119294|20231115|FACT 250116 DALKIA FRANCE|0,00|1425,90|||20231122||
AC|Achats|AC00158|20230124|613500|Locations mobilieres|||AC019901|20230124|FACT 250223 PAPETERIE EXPRESS|645,58|0,00|||20230130||
AC|Achats|AC00158|20230124|445660|TVA deductible sur ABS|||AC019901|20230124|FACT 250223 PAPETERIE EXPRESS|0,00|645,58|||20230130||
AC|Achats|AC00159|20230922|626000|Frais postaux et de telecommunications|||AC091197|20230922|FACT 250128 TELECOM SAS|1855,91|0,00|||20230922||
AC|Achats|AC00159|20230922|518700|Interets courus a recevoir|||AC091197|20230922|FACT 250128 TELECOM SAS|0,00|1855,91|||20230922||
AC|Achats|AC00160|20230915|607000|Achats de marchandises|||AC092921|20230915|FACT 250214 TELECOM SAS|1547,97|0,00|||20230918||
AC|Achats|AC00160|20230915|438200|Charges sociales sur conges a payer|||AC092921|20230915|FACT 250214 TELECOM SAS|0,00|1547,97|||20230918||
AC|Achats|AC00161|20230303|621000|Personnel exterieur a l'entreprise|||AC037601|20230303|FACT 250130 PAPETERIE EXPRESS|1269,08|0,00|||20230310||
AC|Achats|AC00161|20230303|491000|Depreciation des comptes clients|||AC037601|20230303|FACT 250130 PAPETERIE EXPRESS|0,00|1269,08|||20230310||
AC|Achats|AC00162|20230815|601000|Achats de matieres premieres|||AC084706|20230815|FACT 250104 DALKIA FRANCE|965,83|0,00|||20230819||
AC|Achats|AC00162|20230815|408100|Fournisseurs - Factures non parvenues|||AC084706|20230815|FACT 250104 DALKIA FRANCE|0,00|965,83|||20230819||
AC|Achats|AC00163|20230331|602260|Achats d'emballages|||AC034920|20230331|FACT 250109 ELECTRICITE DE FRANCE|618,82|0,00|||20230402||
AC|Achats|AC00163|20230331|403000|Fournisseurs - Effets a payer|||AC034920|20230331|FACT 250109 ELECTRICITE DE FRANCE|0,00|618,82|||20230402||
AC|Achats|AC00164|20230310|623400|Cadeaux a la clientele|||AC038932|20230310|FACT 250204 DALKIA FRANCE|612,10|0,00|||20230314||
AC|Achats|AC00164|20230310|511000|Valeurs a l'encaissement|||AC038932|20230310|FACT 250204 DALKIA FRANCE|0,00|612,10|||20230314||
AC|Achats|AC00165|20230316|612000|Redevances de credit-bail|||AC039980|20230316|FACT 250118 TELECOM SAS|1140,15|0,00|||20230318||
AC|Achats|AC00165|20230316|590000|Depreciation des valeurs mobilieres de placement|||AC039980|20230316|FACT 250118 TELECOM SAS|0,00|1140,15|||20230318||
AC|Achats|AC00166|20231214|602260|Achats d'emballages|||AC129524|20231214|FACT 250104 TELECOM SAS|633,17|0,00|||20231218||
AC|Achats|AC00166|20231214|471000|Compte d'attente|||AC129524|20231214|FACT 250104 TELECOM SAS|0,00|633,17|||20231218||
AC|Achats|AC00167|20230206|615200|Entretien et reparations sur biens immobiliers|||AC025683|20230206|FACT 250220 PAPETERIE EXPRESS|994,33|0,00|||20230213||
AC|Achats|AC00167|20230206|590000|Depreciation des valeurs mobilieres de placement|||AC025683|20230206|FACT 250220 PAPETERIE EXPRESS|0,00|994,33|||20230213||
AC|Achats|AC00168|20230711|601000|Achats de matieres premieres|||AC072630|20230711|FACT 250204 ELECTRICITE DE FRANCE|1616,79|0,00|||20230717||
AC|Achats|AC00168|20230711|518700|Interets courus a recevoir|||AC072630|20230711|FACT 250204 ELECTRICITE DE FRANCE|0,00|1616,79|||20230717||
AC|Achats|AC00169|20230421|611000|Sous-traitance generale|||AC048565|20230421|FACT 250109 FOURNITURES BUREAU|756,33|0,00|||20230422||
AC|Achats|AC00169|20230421|518700|Interets courus a recevoir|||AC048565|20230421|FACT 250109 FOURNITURES BUREAU|0,00|756,33|||20230422||
AC|Achats|AC00170|20231215|608500|Frais accessoires d'achat|||AC127438|20231215|FACT 250226 TELECOM SAS|616,37|0,00|||20231215||
AC|Achats|AC00170|20231215|411000|Clients|C00010|CLIENT KAPPA|AC127438|20231215|FACT 250226 TELECOM SAS|0,00|616,37|E3|20231205|20231215||
AC|Achats|AC00171|20231117|622600|Honoraires|||AC118549|20231117|FACT 250225 ELECTRICITE DE FRANCE|406,98|0,00|||20231121||
AC|Achats|AC00171|20231117|530000|Caisse|||AC118549|20231117|FACT 250225 ELECTRICITE DE FRANCE|0,00|406,98|||20231121||
AC|Achats|AC00172|20230407|616000|Primes d'assurance|||AC044071|20230407|FACT 250113 FOURNITURES BUREAU|599,11|0,00|||20230408||
AC|Achats|AC00172|20230407|418100|Clients - Factures a etablir|||AC044071|20230407|FACT 250113 FOURNITURES BUREAU|0,00|599,11|||20230408||
AC|Achats|AC00173|20230321|615200|Entretien et reparations sur biens immobiliers|||AC038176|20230321|FACT 250125 PAPETERIE EXPRESS|751,63|0,00|||20230327||
AC|Achats|AC00173|20230321|518100|Interets courus a payer|||AC038176|20230321|FACT 250125 PAPETERIE EXPRESS|0,00|751,63|||20230327||
AC|Achats|AC00174|20231017|626000|Frais postaux et de telecommunications|||AC108464|20231017|FACT 250205 PAPETERIE EXPRESS|1483,40|0,00|||20231024||
AC|Achats|AC00174|20231017|508000|Interets courus sur VMP|||AC108464|20231017|FACT 250205 PAPETERIE EXPRESS|0,00|1483,40|||20231024||
AC|Achats|AC00175|20230512|601000|Achats de matieres premieres|||AC054550|20230512|FACT 250122 DALKIA FRANCE|1967,87|0,00|||20230513||
AC|Achats|AC00175|20230512|438200|Charges sociales sur conges a payer|||AC054550|20230512|FACT 250122 DALKIA FRANCE|0,00|1967,87|||20230513||
AC|Achats|AC00176|20230808|627000|Services bancaires et assimiles|||AC085207|20230808|FACT 250113 DALKIA FRANCE|1853,30|0,00|||20230812||
AC|Achats|AC00176|20230808|421000|Personnel - Remunerations dues|||AC085207|20230808|FACT 250113 DALKIA FRANCE|0,00|1853,30|||20230812||
AC|Achats|AC00177|20230324|625100|Voyages et deplacements|||AC034590|20230324|FACT 250201 TELECOM SAS|12,59|0,00|||20230326||
AC|Achats|AC00177|20230324|518100|Interets courus a payer|||AC034590|20230324|FACT 250201 TELECOM SAS|0,00|12,59|||20230326||
AC|Achats|AC00178|20231115|606100|Electricite, gaz, eau|||AC117343|20231115|FACT 250110 FOURNITURES BUREAU|143,49|0,00|||20231115||
AC|Achats|AC00178|20231115|445870|TVA sur factures a etablir|||AC117343|20231115|FACT 250110 FOURNITURES BUREAU|0,00|143,49|||20231115||
AC|Achats|AC00179|20231205|613500|Locations mobilieres|||AC129618|20231205|FACT 250227 DALKIA FRANCE|1974,90|0,00|||20231210||
AC|Achats|AC00179|20231205|445870|TVA sur factures a etablir|||AC129618|20231205|FACT 250227 DALKIA FRANCE|0,00|1974,90|||20231210||
AC|Achats|AC00180|20230901|612000|Redevances de credit-bail|||AC097560|20230901|FACT 250104 FOURNITURES BUREAU|784,65|0,00|||20230906||
AC|Achats|AC00180|20230901|580000|Virements internes|||AC097560|20230901|FACT 250104 FOURNITURES BUREAU|0,00|784,65|||20230906||
AC|Achats|AC00181|20230825|622700|Frais d'actes et de contentieux|||AC085517|20230825|FACT 250205 PAPETERIE EXPRESS|1827,30|0,00|||20230829||
AC|Achats|AC00181|20230825|517000|Autres organismes financiers|||AC085517|20230825|FACT 250205 PAPETERIE EXPRESS|0,00|1827,30|||20230829||
AC|Achats|AC00182|20231012|608500|Frais accessoires d'achat|||AC107484|20231012|FACT 250219 FOURNITURES BUREAU|1145,85|0,00|||20231018||
AC|Achats|AC00182|20231012|438200|Charges sociales sur conges a payer|||AC107484|20231012|FACT 250219 FOURNITURES BUREAU|0,00|1145,85|||20231018||
AC|Achats|AC00183|20230323|613200|Locations immobilieres|||AC033703|20230323|FACT 250215 DALKIA FRANCE|632,35|0,00|||20230327||
AC|Achats|AC00183|20230323|518100|Interets courus a payer|||AC033703|20230323|FACT 250215 DALKIA FRANCE|0,00|632,35|||20230327||
BQ|Banque|BQ00001|20230815|419100|Clients - Avances et acomptes recus|||BQ088864|20230815|OPERATION BANCAIRE 04/01|403,78|0,00|||20230817||
BQ|Banque|BQ00001|20230815|445520|TVA due intracommunautaire|||BQ088864|20230815|OPERATION BANCAIRE 04/01|0,00|403,78|||20230817||
BQ|Banque|BQ00002|20231130|687000|Dot. amort. et provisions exceptionnels|||BQ111461|20231130|CB 27/02 FOURNISSEUR|1020,27|0,00|||20231206||
BQ|Banque|BQ00002|20231130|512000|Banque principale|||BQ111461|20231130|CB 27/02 FOURNISSEUR|0,00|1020,27|||20231206||
BQ|Banque|BQ00003|20230526|607000|Achats de marchandises|||BQ052392|20230526|CB 06/02 FOURNISSEUR|1967,98|0,00|||20230527||
BQ|Banque|BQ00003|20230526|409100|Fournisseurs - Avances et acomptes verses|||BQ052392|20230526|CB 06/02 FOURNISSEUR|0,00|1967,98|||20230527||
BQ|Banque|BQ00004|20230728|514000|Cheques postaux|||BQ076770|20230728|VIREMENT 03/02 REF 36695170|82,74|0,00|||20230801||
BQ|Banque|BQ00004|20230728|754000|Ristournes percues des cooperatives|||BQ076770|20230728|VIREMENT 03/02 REF 36695170|0,00|82,74|||20230801||
BQ|Banque|BQ00005|20230711|615200|Entretien et reparations sur biens immobiliers|||BQ076773|20230711|CB 24/02 FOURNISSEUR|67,27|0,00|||20230718||
BQ|Banque|BQ00005|20230711|437000|Autres organismes sociaux|||BQ076773|20230711|CB 24/02 FOURNISSEUR|0,00|67,27|||20230718||
BQ|Banque|BQ00006|20230308|413000|Clients - Effets a recevoir|||BQ039033|20230308|OPERATION BANCAIRE 17/02|169,96|0,00|||20230312||
BQ|Banque|BQ00006|20230308|796000|Transferts de charges financieres|||BQ039033|20230308|OPERATION BANCAIRE 17/02|0,00|169,96|||20230312||
BQ|Banque|BQ00007|20230829|404000|Fournisseurs d'immobilisations|||BQ084026|20230829|OPERATION BANCAIRE 27/01|325,25|0,00|||20230903||
BQ|Banque|BQ00007|20230829|451000|Groupe|||BQ084026|20230829|OPERATION BANCAIRE 27/01|0,00|325,25|||20230903||
BQ|Banque|BQ00008|20230609|404000|Fournisseurs d'immobilisations|||BQ064220|20230609|OPERATION BANCAIRE 14/02|570,99|0,00|||20230610||
BQ|Banque|BQ00008|20230609|218100|Installations generales, agencements divers|||BQ064220|20230609|OPERATION BANCAIRE 14/02|0,00|570,99|||20230610||
BQ|Banque|BQ00009|20231103|708500|Ports et frais accessoires factures|||BQ115192|20231103|OPERATION BANCAIRE 25/02|1953,15|0,00|||20231108||
BQ|Banque|BQ00009|20231103|625700|Receptions|||BQ115192|20231103|OPERATION BANCAIRE 25/02|0,00|1953,15|||20231108||
BQ|Banque|BQ00010|20230113|622700|Frais d'actes et de contentieux|||BQ011937|20230113|CB 19/02 FOURNISSEUR|1356,70|0,00|||20230117||
BQ|Banque|BQ00010|20230113|512100|Banque secondaire|||BQ011937|20230113|CB 19/02 FOURNISSEUR|0,00|1356,70|||20230117||
BQ|Banque|BQ00011|20231110|601000|Achats de matieres premieres|||BQ118198|20231110|CB 24/01 FOURNISSEUR|1663,66|0,00|||20231117||
BQ|Banque|BQ00011|20231110|471000|Compte d'attente|||BQ118198|20231110|CB 24/01 FOURNISSEUR|0,00|1663,66|||20231117||
BQ|Banque|BQ00012|20230728|651000|Redevances pour concessions, brevets, licences, etc.|||BQ072833|20230728|CB 05/01 FOURNISSEUR|80,08|0,00|||20230802||
BQ|Banque|BQ00012|20230728|511000|Valeurs a l'encaissement|||BQ072833|20230728|CB 05/01 FOURNISSEUR|0,00|80,08|||20230802||
BQ|Banque|BQ00013|20231011|606400|Fournitures administratives|||BQ109720|20231011|CB 19/02 FOURNISSEUR|572,94|0,00|||20231017||
BQ|Banque|BQ00013|20231011|580000|Virements internes|||BQ109720|20231011|CB 19/02 FOURNISSEUR|0,00|572,94|||20231017||
BQ|Banque|BQ00014|20231117|403000|Fournisseurs - Effets a payer|||BQ115520|20231117|OPERATION BANCAIRE 13/02|390,84|0,00|||20231122||
BQ|Banque|BQ00014|20231117|408400|Fournisseurs d'immobilisations - Factures non parvenues|||BQ115520|20231117|OPERATION BANCAIRE 13/02|0,00|390,84|||20231122||
BQ|Banque|BQ00015|20230308|766000|Gains de change|||BQ038393|20230308|OPERATION BANCAIRE 21/02|981,02|0,00|||20230313||
BQ|Banque|BQ00015|20230308|281350|Amort. installations generales|||BQ038393|20230308|OPERATION BANCAIRE 21/02|0,00|981,02|||20230313||
BQ|Banque|BQ00016|20230717|500000|Valeurs mobilieres de placement|||BQ071074|20230717|VIREMENT 07/02 REF 53338174|790,30|0,00|||20230722||
BQ|Banque|BQ00016|20230717|661000|Charges d'interets|||BQ071074|20230717|VIREMENT 07/02 REF 53338174|0,00|790,30|||20230722||
BQ|Banque|BQ00017|20230728|608500|Frais accessoires d'achat|||BQ074204|20230728|CB 06/02 FOURNISSEUR|1889,44|0,00|||20230803||
BQ|Banque|BQ00017|20230728|445520|TVA due intracommunautaire|||BQ074204|20230728|CB 06/02 FOURNISSEUR|0,00|1889,44|||20230803||
BQ|Banque|BQ00018|20230720|615500|Entretien et reparations sur biens mobiliers|||BQ076671|20230720|CB 27/01 FOURNISSEUR|1049,14|0,00|||20230725||
BQ|Banque|BQ00018|20230720|508000|Interets courus sur VMP|||BQ076671|20230720|CB 27/01 FOURNISSEUR|0,00|1049,14|||20230725||
BQ|Banque|BQ00019|20230310|518100|Interets courus a payer|||BQ039898|20230310|VIREMENT 25/02 REF 98819292|672,36|0,00|||20230317||
BQ|Banque|BQ00019|20230310|654000|Pertes sur creances irrecouvrables|||BQ039898|20230310|VIREMENT 25/02 REF 98819292|0,00|672,36|||20230317||
BQ|Banque|BQ00020|20230830|645000|Charges de securite sociale et de prevoyance|||BQ089222|20230830|CB 22/01 FOURNISSEUR|307,38|0,00|||20230830||
BQ|Banque|BQ00020|20230830|467000|Autres comptes debiteurs ou crediteurs|||BQ089222|20230830|CB 22/01 FOURNISSEUR|0,00|307,38|||20230830||
BQ|Banque|BQ00021|20230411|648000|Autres charges de personnel|||BQ044809|20230411|CB 22/01 FOURNISSEUR|1789,94|0,00|||20230416||
BQ|Banque|BQ00021|20230411|445870|TVA sur factures a etablir|||BQ044809|20230411|CB 22/01 FOURNISSEUR|0,00|1789,94|||20230416||
BQ|Banque|BQ00022|20230623|590000|Depreciation des valeurs mobilieres de placement|||BQ061220|20230623|VIREMENT 17/02 REF 76081528|128,60|0,00|||20230626||
BQ|Banque|BQ00022|20230623|201000|Frais d'etablissement|||BQ061220|20230623|VIREMENT 17/02 REF 76081528|0,00|128,60|||20230626||
BQ|Banque|BQ00023|20221230|622700|Frais d'actes et de contentieux|||BQ126306|20221230|CB 18/01 FOURNISSEUR|876,87|0,00|||20230103||
BQ|Banque|BQ00023|20221230|486000|Charges constatees d'avance|||BQ126306|20221230|CB 18/01 FOURNISSEUR|0,00|876,87|||20230103||
BQ|Banque|BQ00024|20230811|664000|Pertes sur cessions de valeurs mobilieres de placement|||BQ085392|20230811|CB 30/01 FOURNISSEUR|210,07|0,00|||20230816||
BQ|Banque|BQ00024|20230811|486000|Charges constatees d'avance|||BQ085392|20230811|CB 30/01 FOURNISSEUR|0,00|210,07|||20230816||
BQ|Banque|BQ00025|20231122|419100|Clients - Avances et acomptes recus|||BQ115986|20231122|OPERATION BANCAIRE 27/01|827,21|0,00|||20231123||
BQ|Banque|BQ00025|20231122|618100|Documentation generale|||BQ115986|20231122|OPERATION BANCAIRE 27/01|0,00|827,21|||20231123||
BQ|Banque|BQ00026|20231225|763000|Revenus des autres creances|||BQ127609|20231225|OPERATION BANCAIRE 26/01|478,19|0,00|||20231227||
BQ|Banque|BQ00026|20231225|606300|Fournitures d'entretien et petit equipement|||BQ127609|20231225|OPERATION BANCAIRE 26/01|0,00|478,19|||20231227||
BQ|Banque|BQ00027|20230428|401000|Fournisseurs|F00007|ASSURANCE GENERALI|BQ043467|20230428|OPERATION BANCAIRE 24/02|6622,75|0,00|||20230501||
BQ|Banque|BQ00027|20230428|500000|Valeurs mobilieres de placement|||BQ043467|20230428|OPERATION BANCAIRE 24/02|0,00|6622,75|||20230501||
BQ|Banque|BQ00028|20231201|681740|Dot. provisions sur creances|||BQ124369|20231201|CB 31/01 FOURNISSEUR|1702,50|0,00|||20231206||
BQ|Banque|BQ00028|20231201|408400|Fournisseurs d'immobilisations - Factures non parvenues|||BQ124369|20231201|CB 31/01 FOURNISSEUR|0,00|1702,50|||20231206||
BQ|Banque|BQ00029|20231109|514000|Cheques postaux|||BQ111369|20231109|VIREMENT 09/01 REF 40185711|895,99|0,00|||20231116||
BQ|Banque|BQ00029|20231109|651000|Redevances pour concessions, brevets, licences, etc.|||BQ111369|20231109|VIREMENT 09/01 REF 40185711|0,00|895,99|||20231116||
BQ|Banque|BQ00030|20231020|709000|Rabais, remises et ristournes accordes|||BQ103282|20231020|OPERATION BANCAIRE 15/02|1840,28|0,00|||20231023||
BQ|Banque|BQ00030|20231020|613200|Locations immobilieres|||BQ103282|20231020|OPERATION BANCAIRE 15/02|0,00|1840,28|||20231023||
BQ|Banque|BQ00031|20230804|511000|Valeurs a l'encaissement|||BQ089017|20230804|VIREMENT 08/01 REF 20261616|490,12|0,00|||20230811||
BQ|Banque|BQ00031|20230804|612000|Redevances de credit-bail|||BQ089017|20230804|VIREMENT 08/01 REF 20261616|0,00|490,12|||20230811||
BQ|Banque|BQ00032|20230609|622700|Frais d'actes et de contentieux|||BQ061954|20230609|CB 12/02 FOURNISSEUR|1961,21|0,00|||20230614||
BQ|Banque|BQ00032|20230609|404000|Fournisseurs d'immobilisations|||BQ061954|20230609|CB 12/02 FOURNISSEUR|0,00|1961,21|||20230614||
BQ|Banque|BQ00033|20230714|418100|Clients - Factures a etablir|||BQ079931|20230714|OPERATION BANCAIRE 08/01|86,79|0,00|||20230715||
BQ|Banque|BQ00033|20230714|713000|Variation des stocks|||BQ079931|20230714|OPERATION BANCAIRE 08/01|0,00|86,79|||20230715||
BQ|Banque|BQ00034|20230712|411000|Clients|C00005|CLIENT EPSILON|BQ077186|20230712|OPERATION BANCAIRE 07/01|486,40|0,00|||20230713||
BQ|Banque|BQ00034|20230712|168800|Interets courus sur emprunts|||BQ077186|20230712|OPERATION BANCAIRE 07/01|0,00|486,40|||20230713||
BQ|Banque|BQ00035|20231208|615500|Entretien et reparations sur biens mobiliers|||BQ124525|20231208|CB 05/01 FOURNISSEUR|1494,26|0,00|||20231212||
BQ|Banque|BQ00035|20231208|445710|TVA collectee a payer|||BQ124525|20231208|CB 05/01 FOURNISSEUR|0,00|1494,26|||20231212||
BQ|Banque|BQ00036|20230808|625100|Voyages et deplacements|||BQ084023|20230808|CB 27/01 FOURNISSEUR|1351,31|0,00|||20230811||
BQ|Banque|BQ00036|20230808|408400|Fournisseurs d'immobilisations - Factures non parvenues|||BQ084023|20230808|CB 27/01 FOURNISSEUR|0,00|1351,31|||20230811||
BQ|Banque|BQ00037|20230307|611000|Sous-traitance generale|||BQ036084|20230307|CB 26/01 FOURNISSEUR|405,91|0,00|||20230310||
BQ|Banque|BQ00037|20230307|491000|Depreciation des comptes clients|||BQ036084|20230307|CB 26/01 FOURNISSEUR|0,00|405,91|||20230310||
BQ|Banque|BQ00038|20231010|713000|Variation des stocks|||BQ106729|20231010|OPERATION BANCAIRE 19/02|641,02|0,00|||20231017||
BQ|Banque|BQ00038|20231010|164000|Emprunts aupres des etablissements de credit|||BQ106729|20231010|OPERATION BANCAIRE 19/02|0,00|641,02|||20231017||
BQ|Banque|BQ00039|20230823|615200|Entretien et reparations sur biens immobiliers|||BQ084526|20230823|CB 09/02 FOURNISSEUR|212,48|0,00|||20230823||
BQ|Banque|BQ00039|20230823|408100|Fournisseurs - Factures non parvenues|||BQ084526|20230823|CB 09/02 FOURNISSEUR|0,00|212,48|||20230823||
BQ|Banque|BQ00040|20231229|645000|Charges de securite sociale et de prevoyance|||BQ123436|20231229|CB 15/02 FOURNISSEUR|1397,11|0,00|||20231230||
BQ|Banque|BQ00040|20231229|590000|Depreciation des valeurs mobilieres de placement|||BQ123436|20231229|CB 15/02 FOURNISSEUR|0,00|1397,11|||20231230||
BQ|Banque|BQ00041|20230120|631000|Impots, taxes et versements assimiles sur remunerations|||BQ011421|20230120|CB 31/01 FOURNISSEUR|1266,03|0,00|||20230125||
BQ|Banque|BQ00041|20230120|431000|Securite sociale|||BQ011421|20230120|CB 31/01 FOURNISSEUR|0,00|1266,03|||20230125||
BQ|Banque|BQ00042|20231031|740000|Subventions d'exploitation|||BQ101496|20231031|OPERATION BANCAIRE 17/02|973,51|0,00|||20231107||
BQ|Banque|BQ00042|20231031|518700|Interets courus a recevoir|||BQ101496|20231031|OPERATION BANCAIRE 17/02|0,00|973,51|||20231107||
BQ|Banque|BQ00043|20230616|623000|Publicite, publications, relations publiques|||BQ062200|20230616|CB 24/01 FOURNISSEUR|1338,09|0,00|||20230622||
BQ|Banque|BQ00043|20230616|530000|Caisse|||BQ062200|20230616|CB 24/01 FOURNISSEUR|0,00|1338,09|||20230622||
BQ|Banque|BQ00044|20230217|766000|Gains de change|||BQ028917|20230217|OPERATION BANCAIRE 17/01|1985,69|0,00|||20230222||
BQ|Banque|BQ00044|20230217|425000|Personnel - Avances et acomptes|||BQ028917|20230217|OPERATION BANCAIRE 17/01|0,00|1985,69|||20230222||
BQ|Banque|BQ00045|20231228|671000|Charges exceptionnelles sur operations de gestion|||BQ125259|20231228|CB 27/02 FOURNISSEUR|717,25|0,00|||20231228||
BQ|Banque|BQ00045|20231228|408100|Fournisseurs - Factures non parvenues|||BQ125259|20231228|CB 27/02 FOURNISSEUR|0,00|717,25|||20231228||
BQ|Banque|BQ00046|20230120|623400|Cadeaux a la clientele|||BQ014178|20230120|CB 13/01 FOURNISSEUR|1171,78|0,00|||20230123||
BQ|Banque|BQ00046|20230120|451000|Groupe|||BQ014178|20230120|CB 13/01 FOURNISSEUR|0,00|1171,78|||20230123||
BQ|Banque|BQ00047|20230724|654000|Pertes sur creances irrecouvrables|||BQ073842|20230724|CB 08/02 FOURNISSEUR|1206,90|0,00|||20230729||
BQ|Banque|BQ00047|20230724|514000|Cheques postaux|||BQ073842|20230724|CB 08/02 FOURNISSEUR|0,00|1206,90|||20230729||
BQ|Banque|BQ00048|20230908|607000|Achats de marchandises|||BQ092476|20230908|CB 06/02 FOURNISSEUR|1268,69|0,00|||20230911||
BQ|Banque|BQ00048|20230908|444000|Etat - Impots sur les benefices|||BQ092476|20230908|CB 06/02 FOURNISSEUR|0,00|1268,69|||20230911||
BQ|Banque|BQ00049|20230317|607000|Achats de marchandises|||BQ037159|20230317|CB 11/02 FOURNISSEUR|1520,42|0,00|||20230321||
BQ|Banque|BQ00049|20230317|486000|Charges constatees d'avance|||BQ037159|20230317|CB 11/02 FOURNISSEUR|0,00|1520,42|||20230321||
BQ|Banque|BQ00050|20230728|419100|Clients - Avances et acomptes recus|||BQ071279|20230728|OPERATION BANCAIRE 23/01|58,98|0,00|||20230804||
BQ|Banque|BQ00050|20230728|621000|Personnel exterieur a l'entreprise|||BQ071279|20230728|OPERATION BANCAIRE 23/01|0,00|58,98|||20230804||
BQ|Banque|BQ00051|20230531|767000|Produits nets sur cessions de valeurs mobilieres de placement|||BQ055024|20230531|OPERATION BANCAIRE 26/02|1641,74|0,00|||20230603||
BQ|Banque|BQ00051|20230531|471000|Compte d'attente|||BQ055024|20230531|OPERATION BANCAIRE 26/02|0,00|1641,74|||20230603||
BQ|Banque|BQ00052|20230404|761000|Produits de participations|||BQ041813|20230404|OPERATION BANCAIRE 09/01|193,41|0,00|||20230408||
BQ|Banque|BQ00052|20230404|311000|Matieres premieres|||BQ041813|20230404|OPERATION BANCAIRE 09/01|0,00|193,41|||20230408||
BQ|Banque|BQ00053|20230216|511000|Valeurs a l'encaissement|||BQ026822|20230216|VIREMENT 26/01 REF 74111897|224,75|0,00|||20230221||
BQ|Banque|BQ00053|20230216|631000|Impots, taxes et versements assimiles sur remunerations|||BQ026822|20230216|VIREMENT 26/01 REF 74111897|0,00|224,75|||20230221||
BQ|Banque|BQ00054|20230818|602200|Achats de fournitures consommables|||BQ088950|20230818|CB 08/01 FOURNISSEUR|611,21|0,00|||20230825||
BQ|Banque|BQ00054|20230818|491000|Depreciation des comptes clients|||BQ088950|20230818|CB 08/01 FOURNISSEUR|0,00|611,21|||20230825||
BQ|Banque|BQ00055|20230310|708500|Ports et frais accessoires factures|||BQ031703|20230310|OPERATION BANCAIRE 17/02|790,77|0,00|||20230310||
BQ|Banque|BQ00055|20230310|445860|TVA sur factures non parvenues|||BQ031703|20230310|OPERATION BANCAIRE 17/02|0,00|790,77|||20230310||
BQ|Banque|BQ00056|20230317|791000|Transferts de charges d'exploitation|||BQ038935|20230317|OPERATION BANCAIRE 22/02|595,53|0,00|||20230319||
BQ|Banque|BQ00056|20230317|602260|Achats d'emballages|||BQ038935|20230317|OPERATION BANCAIRE 22/02|0,00|595,53|||20230319||
BQ|Banque|BQ00057|20230324|681120|Dot. amort. sur immo. corporelles|||BQ036590|20230324|CB 21/02 FOURNISSEUR|372,96|0,00|||20230331||
BQ|Banque|BQ00057|20230324|416000|Clients douteux|||BQ036590|20230324|CB 21/02 FOURNISSEUR|0,00|372,96|||20230331||
BQ|Banque|BQ00058|20230713|606100|Electricite, gaz, eau|||BQ079120|20230713|CB 20/02 FOURNISSEUR|1716,57|0,00|||20230720||
BQ|Banque|BQ00058|20230713|409100|Fournisseurs - Avances et acomptes verses|||BQ079120|20230713|CB 20/02 FOURNISSEUR|0,00|1716,57|||20230720||
BQ|Banque|BQ00059|20230113|623400|Cadeaux a la clientele|||BQ014721|20230113|CB 02/02 FOURNISSEUR|104,03|0,00|||20230115||
BQ|Banque|BQ00059|20230113|514000|Cheques postaux|||BQ014721|20230113|CB 02/02 FOURNISSEUR|0,00|104,03|||20230115||
BQ|Banque|BQ00060|20230630|671000|Charges exceptionnelles sur operations de gestion|||BQ061730|20230630|CB 12/01 FOURNISSEUR|1040,81|0,00|||20230701||
BQ|Banque|BQ00060|20230630|401000|Fournisseurs|F00005|BUREAU VERITAS|BQ061730|20230630|CB 12/01 FOURNISSEUR|0,00|1040,81|H6|20231208|20230701||
BQ|Banque|BQ00061|20231128|511000|Valeurs a l'encaissement|||AC088388|20231128|VIREMENT 06/01 REF 53063540|297,09|0,00|||20231202||
BQ|Banque|BQ00061|20231128|606800|Autres matieres et fournitures|||BQ115952|20231128|VIREMENT 06/01 REF 53063540|0,00|297,09|||20231202||
BQ|Banque|BQ00062|20231214|765000|Escomptes obtenus|||BQ127462|20231214|OPERATION BANCAIRE 21/01|1563,45|0,00|||20231221||
BQ|Banque|BQ00062|20231214|797000|Transferts de charges exceptionnelles|||BQ127462|20231214|OPERATION BANCAIRE 21/01|0,00|1563,45|||20231221||
BQ|Banque|BQ00063|20230227|786500|Reprises sur provisions pour risques et charges financiers|||BQ026140|20230227|OPERATION BANCAIRE 06/01|942,66|0,00|||20230227||
BQ|Banque|BQ00063|20230227|218300|Materiel de bureau et informatique|||BQ026140|20230227|OPERATION BANCAIRE 06/01|0,00|942,66|||20230227||
BQ|Banque|BQ00064|20230830|618100|Documentation generale|||BQ086460|20230830|CB 12/02 FOURNISSEUR|1995,63|0,00|||20230905||
BQ|Banque|BQ00064|20230830|441000|Etat - Impot sur les benefices|||BQ086460|20230830|CB 12/02 FOURNISSEUR|0,00|1995,63|||20230905||
BQ|Banque|BQ00065|20231215|616000|Primes d'assurance|||BQ127643|20231215|CB 20/02 FOURNISSEUR|1526,83|0,00|||20231218||
BQ|Banque|BQ00065|20231215|445860|TVA sur factures non parvenues|||BQ127643|20231215|CB 20/02 FOURNISSEUR|0,00|1526,83|||20231218||
BQ|Banque|BQ00066|20231110|791000|Transferts de charges d'exploitation|||BQ119434|20231110|OPERATION BANCAIRE 31/01|1022,78|0,00|||20231111||
BQ|Banque|BQ00066|20231110|706000|Prestations de services|||BQ119434|20231110|OPERATION BANCAIRE 31/01|0,00|1022,78|||20231111||
BQ|Banque|BQ00067|20230105|625600|Missions|||BQ014875|20230105|CB 06/01 FOURNISSEUR|1202,57|0,00|||20230110||
BQ|Banque|BQ00067|20230105|427000|Personnel - Oppositions|||BQ014875|20230105|CB 06/01 FOURNISSEUR|0,00|1202,57|||20230110||
BQ|Banque|BQ00068|20230928|508000|Interets courus sur VMP|||BQ095027|20230928|VIREMENT 19/02 REF 75386796|30,71|0,00|||20230928||
BQ|Banque|BQ00068|20230928|106800|Autres reserves|||BQ095027|20230928|VIREMENT 19/02 REF 75386796|0,00|30,71|||20230928||
BQ|Banque|BQ00069|20230914|798000|Integration fiscale - Produits|||BQ092442|20230914|OPERATION BANCAIRE 16/02|1933,24|0,00|||20230914||
BQ|Banque|BQ00069|20230914|687000|Dot. amort. et provisions exceptionnels|||BQ092442|20230914|OPERATION BANCAIRE 16/02|0,00|1933,24|||20230914||
BQ|Banque|BQ00070|20230707|590000|Depreciation des valeurs mobilieres de placement|||BQ076557|20230707|VIREMENT 21/01 REF 83842135|893,12|0,00|||20230712||
BQ|Banque|BQ00070|20230707|281820|Amort. materiel de transport|||BQ076557|20230707|VIREMENT 21/01 REF 83842135|0,00|893,12|||20230712||
BQ|Banque|BQ00071|20230721|713000|Variation des stocks|||BQ072917|20230721|OPERATION BANCAIRE 29/01|1125,20|0,00|||20230727||
BQ|Banque|BQ00071|20230721|681740|Dot. provisions sur creances|||BQ072917|20230721|OPERATION BANCAIRE 29/01|0,00|1125,20|||20230727||
BQ|Banque|BQ00072|20230919|642000|Remunerations des dirigeants|||BQ096788|20230919|CB 20/01 FOURNISSEUR|1718,61|0,00|||20230919||
BQ|Banque|BQ00072|20230919|517000|Autres organismes financiers|||BQ096788|20230919|CB 20/01 FOURNISSEUR|0,00|1718,61|||20230919||
BQ|Banque|BQ00073|20230714|777000|Quote-part des subventions d'investissement viree au resultat|||BQ073851|20230714|OPERATION BANCAIRE 04/01|1460,77|0,00|||20230719||
BQ|Banque|BQ00073|20230714|618100|Documentation generale|||BQ073851|20230714|OPERATION BANCAIRE 04/01|0,00|1460,77|||20230719||
BQ|Banque|BQ00074|20230421|401000|Fournisseurs|F00006|MAINTENANCE PRO|BQ044475|20230421|OPERATION BANCAIRE 20/02|4093,96|0,00|R5|20231214|20230423||
BQ|Banque|BQ00074|20230421|511000|Valeurs a l'encaissement|||BQ044475|20230421|OPERATION BANCAIRE 20/02|0,00|4093,96|||20230423||
BQ|Banque|BQ00075|20230621|764000|Revenus des valeurs mobilieres de placement|||BQ065408|20230621|OPERATION BANCAIRE 21/01|930,85|0,00|||20230627||
BQ|Banque|BQ00075|20230621|511000|Valeurs a l'encaissement|||BQ065408|20230621|OPERATION BANCAIRE 21/01|0,00|930,85|||20230627||
BQ|Banque|BQ00076|20231031|681110|Dot. amort. sur immo. incorporelles|||BQ103324|20231031|CB 06/02 FOURNISSEUR|1782,24|0,00|||20231101||
BQ|Banque|BQ00076|20231031|441000|Etat - Impot sur les benefices|||BQ103324|20231031|CB 06/02 FOURNISSEUR|0,00|1782,24|||20231101||
BQ|Banque|BQ00077|20230511|666000|Pertes de change|||BQ059954|20230511|CB 01/02 FOURNISSEUR|1202,89|0,00|||20230513||
BQ|Banque|BQ00077|20230511|445520|TVA due intracommunautaire|||BQ059954|20230511|CB 01/02 FOURNISSEUR|0,00|1202,89|||20230513||
BQ|Banque|BQ00078|20231220|775000|Produits des cessions d'elements d'actif|||BQ124357|20231220|OPERATION BANCAIRE 19/02|1673,92|0,00|||20231226||
BQ|Banque|BQ00078|20231220|627000|Services bancaires et assimiles|||BQ124357|20231220|OPERATION BANCAIRE 19/02|0,00|1673,92|||20231226||
BQ|Banque|BQ00079|20231226|613200|Locations immobilieres|||BQ123342|20231226|CB 25/02 FOURNISSEUR|195,77|0,00|||20231226||
BQ|Banque|BQ00079|20231226|445620|TVA deductible sur immobilisations|||BQ123342|20231226|CB 25/02 FOURNISSEUR|0,00|195,77|||20231226||
BQ|Banque|BQ00080|20230223|675000|Valeurs comptables des elements d'actif cedes|||BQ027475|20230223|CB 18/01 FOURNISSEUR|1452,63|0,00|||20230302||
BQ|Banque|BQ00080|20230223|590000|Depreciation des valeurs mobilieres de placement|||BQ027475|20230223|CB 18/01 FOURNISSEUR|0,00|1452,63|||20230302||
BQ|Banque|BQ00081|20230414|601000|Achats de matieres premieres|||BQ045341|20230414|CB 24/01 FOURNISSEUR|72,20|0,00|||20230416||
BQ|Banque|BQ00081|20230414|508000|Interets courus sur VMP|||BQ045341|20230414|CB 24/01 FOURNISSEUR|0,00|72,20|||20230416||
BQ|Banque|BQ00082|20230602|786500|Reprises sur provisions pour risques et charges financiers|||BQ064293|20230602|OPERATION BANCAIRE 15/01|1374,34|0,00|||20230602||
BQ|Banque|BQ00082|20230602|622700|Frais d'actes et de contentieux|||BQ064293|20230602|OPERATION BANCAIRE 15/01|0,00|1374,34|||20230602||
BQ|Banque|BQ00083|20231109|709000|Rabais, remises et ristournes accordes|||BQ111182|20231109|OPERATION BANCAIRE 02/02|1152,25|0,00|||20231114||
BQ|Banque|BQ00083|20231109|647000|Autres charges sociales|||BQ111182|20231109|OPERATION BANCAIRE 02/02|0,00|1152,25|||20231114||
BQ|Banque|BQ00084|20230829|614000|Charges locatives|||BQ083933|20230829|CB 10/01 FOURNISSEUR|382,33|0,00|||20230831||
BQ|Banque|BQ00084|20230829|445620|TVA deductible sur immobilisations|||BQ083933|20230829|CB 10/01 FOURNISSEUR|0,00|382,33|||20230831||
BQ|Banque|BQ00085|20231025|797000|Transferts de charges exceptionnelles|||BQ101529|20231025|OPERATION BANCAIRE 20/02|1162,98|0,00|||20231101||
BQ|Banque|BQ00085|20231025|201000|Frais d'etablissement|||BQ101529|20231025|OPERATION BANCAIRE 20/02|0,00|1162,98|||20231101||
BQ|Banque|BQ00086|20230502|775000|Produits des cessions d'elements d'actif|||BQ059600|20230502|OPERATION BANCAIRE 18/01|1896,10|0,00|||20230505||
BQ|Banque|BQ00086|20230502|606400|Fournitures administratives|||BQ059600|20230502|OPERATION BANCAIRE 18/01|0,00|1896,10|||20230505||
BQ|Banque|BQ00087|20230921|661000|Charges d'interets|||BQ091558|20230921|CB 17/02 FOURNISSEUR|1291,71|0,00|||20230926||
BQ|Banque|BQ00087|20230921|408100|Fournisseurs - Factures non parvenues|||BQ091558|20230921|CB 17/02 FOURNISSEUR|0,00|1291,71|||20230926||
BQ|Banque|BQ00088|20230609|691000|Participation des salaries aux resultats|||BQ061492|20230609|CB 06/01 FOURNISSEUR|1557,16|0,00|||20230614||
BQ|Banque|BQ00088|20230609|518700|Interets courus a recevoir|||BQ061492|20230609|CB 06/01 FOURNISSEUR|0,00|1557,16|||20230614||
BQ|Banque|BQ00089|20231116|622600|Honoraires|||BQ118300|20231116|CB 14/02 FOURNISSEUR|142,00|0,00|||20231121||
BQ|Banque|BQ00089|20231116|408100|Fournisseurs - Factures non parvenues|||BQ118300|20231116|CB 14/02 FOURNISSEUR|0,00|142,00|||20231121||
BQ|Banque|BQ00090|20231106|401000|Fournisseurs|F00007|ASSURANCE GENERALI|BQ115975|20231106|OPERATION BANCAIRE 12/01|5576,79|0,00|||20231110||
BQ|Banque|BQ00090|20231106|508000|Interets courus sur VMP|||BQ115975|20231106|OPERATION BANCAIRE 12/01|0,00|5576,79|||20231110||
BQ|Banque|BQ00091|20230720|658000|Charges diverses de gestion courante|||BQ073145|20230720|CB 22/02 FOURNISSEUR|861,02|0,00|||20230722||
BQ|Banque|BQ00091|20230720|403000|Fournisseurs - Effets a payer|||BQ073145|20230720|CB 22/02 FOURNISSEUR|0,00|861,02|||20230722||
BQ|Banque|BQ00092|20230529|628100|Concours divers (cotisations...)|||BQ056664|20230529|CB 01/02 FOURNISSEUR|291,13|0,00|||20230604||
BQ|Banque|BQ00092|20230529|408100|Fournisseurs - Factures non parvenues|||BQ056664|20230529|CB 01/02 FOURNISSEUR|0,00|291,13|||20230604||
BQ|Banque|BQ00093|20231110|675000|Valeurs comptables des elements d'actif cedes|||BQ118300|20231110|CB 07/02 FOURNISSEUR|1979,37|0,00|||20231111||
BQ|Banque|BQ00093|20231110|431000|Securite sociale|||BQ118300|20231110|CB 07/02 FOURNISSEUR|0,00|1979,37|||20231111||
BQ|Banque|BQ00094|20230313|606100|Electricite, gaz, eau|||BQ037239|20230313|CB 16/02 FOURNISSEUR|1317,72|0,00|||20230318||
BQ|Banque|BQ00094|20230313|413000|Clients - Effets a recevoir|||BQ037239|20230313|CB 16/02 FOURNISSEUR|0,00|1317,72|||20230318||
BQ|Banque|BQ00095|20230602|681110|Dot. amort. sur immo. incorporelles|||BQ066004|20230602|CB 09/01 FOURNISSEUR|1851,53|0,00|||20230602||
BQ|Banque|BQ00095|20230602|421000|Personnel - Remunerations dues|||BQ066004|20230602|CB 09/01 FOURNISSEUR|0,00|1851,53|||20230602||
BQ|Banque|BQ00096|20230413|698000|Integration fiscale - Charges|||BQ044740|20230413|CB 04/01 FOURNISSEUR|935,48|0,00|||20230417||
BQ|Banque|BQ00096|20230413|408400|Fournisseurs d'immobilisations - Factures non parvenues|||BQ044740|20230413|CB 04/01 FOURNISSEUR|0,00|935,48|||20230417||
BQ|Banque|BQ00097|20230612|765000|Escomptes obtenus|||BQ061840|20230612|OPERATION BANCAIRE 16/01|1022,90|0,00|||20230618||
BQ|Banque|BQ00097|20230612|281810|Amort. installations generales|||BQ061840|20230612|OPERATION BANCAIRE 16/01|0,00|1022,90|||20230618||
BQ|Banque|BQ00098|20231204|740000|Subventions d'exploitation|||BQ128230|20231204|OPERATION BANCAIRE 23/02|1686,15|0,00|||20231208||
BQ|Banque|BQ00098|20231204|625100|Voyages et deplacements|||BQ128230|20231204|OPERATION BANCAIRE 23/02|0,00|1686,15|||20231208||
BQ|Banque|BQ00099|20230623|681740|Dot. provisions sur creances|||BQ061530|20230623|CB 17/01 FOURNISSEUR|1893,49|0,00|||20230626||
BQ|Banque|BQ00099|20230623|411000|Clients|C00006|CLIENT ZETA|BQ061530|20230623|CB 17/01 FOURNISSEUR|0,00|1893,49|F6|20231225|20230626||
BQ|Banque|BQ00100|20230622|627000|Services bancaires et assimiles|||BQ065433|20230622|CB 20/02 FOURNISSEUR|562,45|0,00|||20230622||
BQ|Banque|BQ00100|20230622|445620|TVA deductible sur immobilisations|||BQ065433|20230622|CB 20/02 FOURNISSEUR|0,00|562,45|||20230622||
BQ|Banque|BQ00101|20230612|766000|Gains de change|||BQ069183|20230612|OPERATION BANCAIRE 06/01|445,50|0,00|||20230616||
BQ|Banque|BQ00101|20230612|621000|Personnel exterieur a l'entreprise|||BQ069183|20230612|OPERATION BANCAIRE 06/01|0,00|445,50|||20230616||
BQ|Banque|BQ00102|20230428|720000|Production immobilisee|||BQ049565|20230428|OPERATION BANCAIRE 04/01|1510,58|0,00|||20230430||
BQ|Banque|BQ00102|20230428|687000|Dot. amort. et provisions exceptionnels|||BQ049565|20230428|OPERATION BANCAIRE 04/01|0,00|1510,58|||20230430||
BQ|Banque|BQ00103|20231019|613200|Locations immobilieres|||BQ107607|20231019|CB 15/01 FOURNISSEUR|796,27|0,00|||20231022||
BQ|Banque|BQ00103|20231019|467000|Autres comptes debiteurs ou crediteurs|||BQ107607|20231019|CB 15/01 FOURNISSEUR|0,00|796,27|||20231022||
BQ|Banque|BQ00104|20230210|761000|Produits de participations|||BQ022143|20230210|OPERATION BANCAIRE 14/01|414,92|0,00|||20230214||
BQ|Banque|BQ00104|20230210|708500|Ports et frais accessoires factures|||BQ022143|20230210|OPERATION BANCAIRE 14/01|0,00|414,92|||20230214||
BQ|Banque|BQ00105|20230310|621000|Personnel exterieur a l'entreprise|||BQ035953|20230310|CB 17/01 FOURNISSEUR|1129,53|0,00|||20230313||
BQ|Banque|BQ00105|20230310|441000|Etat - Impot sur les benefices|||BQ035953|20230310|CB 17/01 FOURNISSEUR|0,00|1129,53|||20230313||
BQ|Banque|BQ00106|20230609|695000|Impots sur les benefices|||BQ061255|20230609|CB 28/01 FOURNISSEUR|1421,62|0,00|||20230609||
BQ|Banque|BQ00106|20230609|441000|Etat - Impot sur les benefices|||BQ061255|20230609|CB 28/01 FOURNISSEUR|0,00|1421,62|||20230609||
BQ|Banque|BQ00107|20230127|622700|Frais d'actes et de contentieux|||BQ017295|20230127|CB 28/01 FOURNISSEUR|995,95|0,00|||20230127||
BQ|Banque|BQ00107|20230127|486000|Charges constatees d'avance|||BQ017295|20230127|CB 28/01 FOURNISSEUR|0,00|995,95|||20230127||
BQ|Banque|BQ00108|20231117|611000|Sous-traitance generale|||BQ114993|20231117|CB 04/02 FOURNISSEUR|1055,91|0,00|||20231121||
BQ|Banque|BQ00108|20231117|401000|Fournisseurs|F00006|MAINTENANCE PRO|BQ114993|20231117|CB 04/02 FOURNISSEUR|0,00|1055,91|||20231121||
BQ|Banque|BQ00109|20230106|622700|Frais d'actes et de contentieux|||BQ019930|20230106|CB 25/02 FOURNISSEUR|1076,37|0,00|||20230108||
BQ|Banque|BQ00109|20230106|491000|Depreciation des comptes clients|||BQ019930|20230106|CB 25/02 FOURNISSEUR|0,00|1076,37|||20230108||
BQ|Banque|BQ00110|20230221|633000|Impots, taxes et versements assimiles sur remunerations (autres organismes)|||BQ029144|20230221|CB 12/02 FOURNISSEUR|1992,52|0,00|||20230227||
BQ|Banque|BQ00110|20230221|487000|Produits constates d'avance|||BQ029144|20230221|CB 12/02 FOURNISSEUR|0,00|1992,52|||20230227||
BQ|Banque|BQ00111|20230120|687000|Dot. amort. et provisions exceptionnels|||BQ018652|20230120|CB 27/01 FOURNISSEUR|650,92|0,00|||20230123||
BQ|Banque|BQ00111|20230120|518100|Interets courus a payer|||BQ018652|20230120|CB 27/01 FOURNISSEUR|0,00|650,92|||20230123||
BQ|Banque|BQ00112|20230630|641000|Remunerations du personnel|||BQ067069|20230630|CB 06/01 FOURNISSEUR|1436,36|0,00|||20230706||
BQ|Banque|BQ00112|20230630|468600|Charges a payer|||BQ067069|20230630|CB 06/01 FOURNISSEUR|0,00|1436,36|||20230706||
BQ|Banque|BQ00113|20231229|628100|Concours divers (cotisations...)|||BQ129323|20231229|CB 02/02 FOURNISSEUR|537,63|0,00|||20231230||
BQ|Banque|BQ00113|20231229|508000|Interets courus sur VMP|||BQ129323|20231229|CB 02/02 FOURNISSEUR|0,00|537,63|||20231230||
BQ|Banque|BQ00114|20230322|664000|Pertes sur cessions de valeurs mobilieres de placement|||BQ036958|20230322|CB 16/01 FOURNISSEUR|1921,19|0,00|||20230326||
BQ|Banque|BQ00114|20230322|411000|Clients|C00005|CLIENT EPSILON|BQ036958|20230322|CB 16/01 FOURNISSEUR|0,00|1921,19|||20230326||
BQ|Banque|BQ00115|20230815|518700|Interets courus a recevoir|||BQ088852|20230815|VIREMENT 25/02 REF 77010319|51,80|0,00|||20230821||
BQ|Banque|BQ00115|20230815|666000|Pertes de change|||BQ088852|20230815|VIREMENT 25/02 REF 77010319|0,00|51,80|||20230821||
BQ|Banque|BQ00116|20231024|625100|Voyages et deplacements|||BQ105562|20231024|CB 26/01 FOURNISSEUR|1431,35|0,00|||20231025||
BQ|Banque|BQ00116|20231024|409100|Fournisseurs - Avances et acomptes verses|||BQ105562|20231024|CB 26/01 FOURNISSEUR|0,00|1431,35|||20231025||
BQ|Banque|BQ00117|20230602|508000|Interets courus sur VMP|||BQ063020|20230602|VIREMENT 31/01 REF 41177535|217,25|0,00|||20230604||
BQ|Banque|BQ00117|20230602|445520|TVA due intracommunautaire|||BQ063020|20230602|VIREMENT 31/01 REF 41177535|0,00|217,25|||20230604||
BQ|Banque|BQ00118|20230127|518700|Interets courus a recevoir|||BQ014568|20230127|VIREMENT 29/01 REF 32598938|211,49|0,00|||20230202||
BQ|Banque|BQ00118|20230127|500000|Valeurs mobilieres de placement|||BQ014568|20230127|VIREMENT 29/01 REF 32598938|0,00|211,49|||20230202||
BQ|Banque|BQ00119|20230728|713000|Variation des stocks|||BQ075390|20230728|OPERATION BANCAIRE 17/02|154,72|0,00|||20230802||
BQ|Banque|BQ00119|20230728|631000|Impots, taxes et versements assimiles sur remunerations|||BQ075390|20230728|OPERATION BANCAIRE 17/02|0,00|154,72|||20230802||
BQ|Banque|BQ00120|20231204|664000|Pertes sur cessions de valeurs mobilieres de placement|||BQ123485|20231204|CB 16/02 FOURNISSEUR|1596,00|0,00|||20231210||
BQ|Banque|BQ00120|20231204|445710|TVA collectee a payer|||BQ123485|20231204|CB 16/02 FOURNISSEUR|0,00|1596,00|||20231210||
BQ|Banque|BQ00121|20230629|766000|Gains de change|||BQ062340|20230629|OPERATION BANCAIRE 15/02|1576,22|0,00|||20230702||
BQ|Banque|BQ00121|20230629|608500|Frais accessoires d'achat|||BQ062340|20230629|OPERATION BANCAIRE 15/02|0,00|1576,22|||20230702||
BQ|Banque|BQ00122|20230526|751000|Redevances pour concessions, brevets, licences, etc.|||BQ054379|20230526|OPERATION BANCAIRE 14/01|1893,89|0,00|||20230529||
BQ|Banque|BQ00122|20230526|625700|Receptions|||BQ054379|20230526|OPERATION BANCAIRE 14/01|0,00|1893,89|||20230529||
BQ|Banque|BQ00123|20230117|508000|Interets courus sur VMP|||BQ015176|20230117|VIREMENT 15/02 REF 97727155|794,11|0,00|||20230118||
BQ|Banque|BQ00123|20230117|530000|Caisse|||BQ015176|20230117|VIREMENT 15/02 REF 97727155|0,00|794,11|||20230118||
BQ|Banque|BQ00124|20230303|606300|Fournitures d'entretien et petit equipement|||BQ038419|20230303|CB 24/02 FOURNISSEUR|891,54|0,00|||20230307||
BQ|Banque|BQ00124|20230303|427000|Personnel - Oppositions|||BQ038419|20230303|CB 24/02 FOURNISSEUR|0,00|891,54|||20230307||
BQ|Banque|BQ00125|20230106|631000|Impots, taxes et versements assimiles sur remunerations|||BQ014837|20230106|CB 14/01 FOURNISSEUR|456,95|0,00|||20230106||
BQ|Banque|BQ00125|20230106|512000|Banque principale|||BQ014837|20230106|CB 14/01 FOURNISSEUR|0,00|456,95|||20230106||
BQ|Banque|BQ00126|20231114|687000|Dot. amort. et provisions exceptionnels|||BQ113724|20231114|CB 01/02 FOURNISSEUR|1883,98|0,00|||20231114||
BQ|Banque|BQ00126|20231114|418100|Clients - Factures a etablir|||BQ113724|20231114|CB 01/02 FOURNISSEUR|0,00|1883,98|||20231114||
BQ|Banque|BQ00127|20231117|408100|Fournisseurs - Factures non parvenues|||BQ115848|20231117|OPERATION BANCAIRE 04/02|779,40|0,00|||20231119||
BQ|Banque|BQ00127|20231117|416000|Clients douteux|||BQ115848|20231117|OPERATION BANCAIRE 04/02|0,00|779,40|||20231119||
BQ|Banque|BQ00128|20230609|671000|Charges exceptionnelles sur operations de gestion|||BQ068078|20230609|CB 16/02 FOURNISSEUR|997,45|0,00|||20230609||
BQ|Banque|BQ00128|20230609|444000|Etat - Impots sur les benefices|||BQ068078|20230609|CB 16/02 FOURNISSEUR|0,00|997,45|||20230609||
BQ|Banque|BQ00129|20230518|761000|Produits de participations|||BQ054812|20230518|OPERATION BANCAIRE 01/01|76,34|0,00|||20230523||
BQ|Banque|BQ00129|20230518|628100|Concours divers (cotisations...)|||BQ054812|20230518|OPERATION BANCAIRE 01/01|0,00|76,34|||20230523||
BQ|Banque|BQ00130|20230911|633000|Impots, taxes et versements assimiles sur remunerations (autres organismes)|||BQ094970|20230911|CB 26/02 FOURNISSEUR|790,03|0,00|||20230918||
BQ|Banque|BQ00130|20230911|530000|Caisse|||BQ094970|20230911|CB 26/02 FOURNISSEUR|0,00|790,03|||20230918||
BQ|Banque|BQ00131|20230125|606300|Fournitures d'entretien et petit equipement|||BQ011712|20230125|CB 01/01 FOURNISSEUR|1731,80|0,00|||20230125||
BQ|Banque|BQ00131|20230125|419100|Clients - Avances et acomptes recus|||BQ011712|20230125|CB 01/01 FOURNISSEUR|0,00|1731,80|||20230125||
BQ|Banque|BQ00132|20230214|765000|Escomptes obtenus|||BQ028691|20230214|OPERATION BANCAIRE 05/02|1006,39|0,00|||20230214||
BQ|Banque|BQ00132|20230214|713000|Variation des stocks|||BQ028691|20230214|OPERATION BANCAIRE 05/02|0,00|1006,39|||20230214||
BQ|Banque|BQ00133|20231111|720000|Production immobilisee|||BQ115700|20231109|OPERATION BANCAIRE 11/01|1417,10|0,00|||20231111||
BQ|Banque|BQ00133|20231109|431000|Securite sociale|||BQ115700|20231109|OPERATION BANCAIRE 11/01|0,00|1417,10|||20231111||
BQ|Banque|BQ00134|20231124|781500|Reprises sur provisions pour risques et charges d'exploitation|||BQ119358|20231124|OPERATION BANCAIRE 20/02|1266,70|0,00|||20231129||
BQ|Banque|BQ00134|20231124|623100|Annonces et insertions|||BQ119358|20231124|OPERATION BANCAIRE 20/02|0,00|1266,70|||20231129||
BQ|Banque|BQ00135|20230629|786500|Reprises sur provisions pour risques et charges financiers|||BQ069841|20230629|OPERATION BANCAIRE 20/02|329,64|0,00|||20230705||
BQ|Banque|BQ00135|20230629|428200|Personnel - Conges payes|||BQ069841|20230629|OPERATION BANCAIRE 20/02|0,00|329,64|||20230705||
BQ|Banque|BQ00136|20230221|613500|Locations mobilieres|||BQ025313|20230221|CB 17/01 FOURNISSEUR|853,10|0,00|||20230227||
BQ|Banque|BQ00136|20230221|427000|Personnel - Oppositions|||BQ025313|20230221|CB 17/01 FOURNISSEUR|0,00|853,10|||20230227||
BQ|Banque|BQ00137|20230331|622600|Honoraires|||BQ037600|20230331|CB 29/01 FOURNISSEUR|1874,88|0,00|||20230405||
BQ|Banque|BQ00137|20230331|428200|Personnel - Conges payes|||BQ037600|20230331|CB 29/01 FOURNISSEUR|0,00|1874,88|||20230405||
BQ|Banque|BQ00138|20231208|612000|Redevances de credit-bail|||BQ125500|20231208|CB 09/01 FOURNISSEUR|259,52|0,00|||20231211||
BQ|Banque|BQ00138|20231208|441000|Etat - Impot sur les benefices|||BQ125500|20231208|CB 09/01 FOURNISSEUR|0,00|259,52|||20231211||
BQ|Banque|BQ00139|20230706|681110|Dot. amort. sur immo. incorporelles|||BQ077242|20230706|CB 02/02 FOURNISSEUR|1336,81|0,00|||20230711||
BQ|Banque|BQ00139|20230706|437000|Autres organismes sociaux|||BQ077242|20230706|CB 02/02 FOURNISSEUR|0,00|1336,81|||20230711||
BQ|Banque|BQ00140|20230519|580000|Virements internes|||BQ051786|20230519|VIREMENT 21/02 REF 87997132|304,08|0,00|||20230523||
BQ|Banque|BQ00140|20230519|764000|Revenus des valeurs mobilieres de placement|||BQ051786|20230519|VIREMENT 21/02 REF 87997132|0,00|304,08|||20230523||
BQ|Banque|BQ00141|20230210|404000|Fournisseurs d'immobilisations|||BQ021098|20230210|OPERATION BANCAIRE 12/01|283,44|0,00|||20230212||
BQ|Banque|BQ00141|20230210|213100|Constructions - Batiments|||BQ021098|20230210|OPERATION BANCAIRE 12/01|0,00|283,44|||20230212||
BQ|Banque|BQ00142|20230609|771000|Produits exceptionnels sur operations de gestion|||BQ067906|20230609|OPERATION BANCAIRE 24/01|302,38|0,00|||20230613||
BQ|Banque|BQ00142|20230609|281820|Amort. materiel de transport|||BQ067906|20230609|OPERATION BANCAIRE 24/01|0,00|302,38|||20230613||
BQ|Banque|BQ00143|20231229|758000|Produits divers de gestion courante|||BQ126100|20231229|OPERATION BANCAIRE 27/02|957,39|0,00|||20231231||
BQ|Banque|BQ00143|20231229|218100|Installations generales, agencements divers|||BQ126100|20231229|OPERATION BANCAIRE 27/02|0,00|957,39|||20231231||
BQ|Banque|BQ00144|20230525|687000|Dot. amort. et provisions exceptionnels|||BQ059105|20230525|CB 21/02 FOURNISSEUR|453,65|0,00|||20230528||
BQ|Banque|BQ00144|20230525|486000|Charges constatees d'avance|||BQ059105|20230525|CB 21/02 FOURNISSEUR|0,00|453,65|||20230528||
BQ|Banque|BQ00145|20230920|618500|Frais de colloques, seminaires, conferences|||BQ096273|20230920|CB 07/02 FOURNISSEUR|873,31|0,00|||20230922||
BQ|Banque|BQ00145|20230920|451000|Groupe|||BQ096273|20230920|CB 07/02 FOURNISSEUR|0,00|873,31|||20230922||
BQ|Banque|BQ00146|20230123|409100|Fournisseurs - Avances et acomptes verses|||BQ013471|20230123|OPERATION BANCAIRE 09/01|959,50|0,00|||20230124||
BQ|Banque|BQ00146|20230123|606400|Fournitures administratives|||BQ013471|20230123|OPERATION BANCAIRE 09/01|0,00|959,50|||20230124||
BQ|Banque|BQ00147|20231030|401000|Fournisseurs|F00003|FOURNITURES BUREAU DIRECT|BQ107147|20231030|OPERATION BANCAIRE 07/02|7003,25|0,00|||20231102||
BQ|Banque|BQ00147|20231030|471000|Compte d'attente|||BQ107147|20231030|OPERATION BANCAIRE 07/02|0,00|7003,25|||20231102||
BQ|Banque|BQ00148|20230616|627000|Services bancaires et assimiles|||BQ069675|20230616|CB 08/02 FOURNISSEUR|567,53|0,00|||20230620||
BQ|Banque|BQ00148|20230616|500000|Valeurs mobilieres de placement|||BQ069675|20230616|CB 08/02 FOURNISSEUR|0,00|567,53|||20230620||
BQ|Banque|BQ00149|20230615|675000|Valeurs comptables des elements d'actif cedes|||BQ068135|20230615|CB 27/02 FOURNISSEUR|100,64|0,00|||20230622||
BQ|Banque|BQ00149|20230615|428200|Personnel - Conges payes|||BQ068135|20230615|CB 27/02 FOURNISSEUR|0,00|100,64|||20230622||
BQ|Banque|BQ00150|20230630|647000|Autres charges sociales|||BQ063856|20230630|CB 17/02 FOURNISSEUR|1490,36|0,00|||20230630||
BQ|Banque|BQ00150|20230630|445520|TVA due intracommunautaire|||BQ063856|20230630|CB 17/02 FOURNISSEUR|0,00|1490,36|||20230630||
BQ|Banque|BQ00151|20230914|623400|Cadeaux a la clientele|||BQ097258|20230914|CB 24/01 FOURNISSEUR|1960,40|0,00|||20230915||
BQ|Banque|BQ00151|20230914|418100|Clients - Factures a etablir|||BQ097258|20230914|CB 24/01 FOURNISSEUR|0,00|1960,40|||20230915||
BQ|Banque|BQ00152|20230828|771000|Produits exceptionnels sur operations de gestion|||BQ087534|20230828|OPERATION BANCAIRE 22/01|1757,63|0,00|||20230829||
BQ|Banque|BQ00152|20230828|681740|Dot. provisions sur creances|||BQ087534|20230828|OPERATION BANCAIRE 22/01|0,00|1757,63|||20230829||
BQ|Banque|BQ00153|20230622|602100|Achats de matieres consommables|||BQ064116|20230622|CB 04/02 FOURNISSEUR|1070,90|0,00|||20230623||
BQ|Banque|BQ00153|20230622|445710|TVA collectee a payer|||BQ064116|20230622|CB 04/02 FOURNISSEUR|0,00|1070,90|||20230623||
BQ|Banque|BQ00154|20230913|751000|Redevances pour concessions, brevets, licences, etc.|||BQ095138|20230913|OPERATION BANCAIRE 13/01|733,71|0,00|||20230916||
BQ|Banque|BQ00154|20230913|467000|Autres comptes debiteurs ou crediteurs|||BQ095138|20230913|OPERATION BANCAIRE 13/01|0,00|733,71|||20230916||
BQ|Banque|BQ00155|20230922|661000|Charges d'interets|||BQ096512|20230922|CB 10/02 FOURNISSEUR|763,62|0,00|||20230929||
BQ|Banque|BQ00155|20230922|500000|Valeurs mobilieres de placement|||BQ096512|20230922|CB 10/02 FOURNISSEUR|0,00|763,62|||20230929||
BQ|Banque|BQ00156|20230113|781740|Reprises sur provisions sur creances|||BQ014043|20230113|OPERATION BANCAIRE 05/02|1981,35|0,00|||20230120||
BQ|Banque|BQ00156|20230113|627000|Services bancaires et assimiles|||BQ014043|20230113|OPERATION BANCAIRE 05/02|0,00|1981,35|||20230120||
BQ|Banque|BQ00157|20230421|614000|Charges locatives|||BQ042951|20230421|CB 05/01 FOURNISSEUR|829,14|0,00|||20230427||
BQ|Banque|BQ00157|20230421|409100|Fournisseurs - Avances et acomptes verses|||BQ042951|20230421|CB 05/01 FOURNISSEUR|0,00|829,14|||20230427||
BQ|Banque|BQ00158|20230111|698000|Integration fiscale - Charges|||BQ019596|20230111|CB 31/01 FOURNISSEUR|1546,33|0,00|||20230113||
BQ|Banque|BQ00158|20230111|580000|Virements internes|||BQ019596|20230111|CB 31/01 FOURNISSEUR|0,00|1546,33|||20230113||
BQ|Banque|BQ00159|20230224|754000|Ristournes percues des cooperatives|||BQ027326|20230224|OPERATION BANCAIRE 26/01|1378,60|0,00|||20230225||
BQ|Banque|BQ00159|20230224|612000|Redevances de credit-bail|||BQ027326|20230224|OPERATION BANCAIRE 26/01|0,00|1378,60|||20230225||
BQ|Banque|BQ00160|20230901|580000|Virements internes|||BQ096771|20230901|VIREMENT 22/01 REF 95805110|189,30|0,00|||20230905||
BQ|Banque|BQ00160|20230901|771000|Produits exceptionnels sur operations de gestion|||BQ096771|20230901|VIREMENT 22/01 REF 95805110|0,00|189,30|||20230905||
BQ|Banque|BQ00161|20230516|401000|Fournisseurs|F00001|DALKIA FRANCE|BQ056328|20230516|OPERATION BANCAIRE 15/01|8374,94|0,00|||20230523||
BQ|Banque|BQ00161|20230516|508000|Interets courus sur VMP|||BQ056328|20230516|OPERATION BANCAIRE 15/01|0,00|8374,94|||20230523||
BQ|Banque|BQ00162|20230403|404000|Fournisseurs d'immobilisations|||BQ043952|20230403|OPERATION BANCAIRE 10/01|618,32|0,00|||20230407||
BQ|Banque|BQ00162|20230403|101000|Capital social|||BQ043952|20230403|OPERATION BANCAIRE 10/01|0,00|618,32|||20230407||
BQ|Banque|BQ00163|20230213|720000|Production immobilisee|||BQ024893|20230213|OPERATION BANCAIRE 04/01|1608,42|0,00|||20230216||
BQ|Banque|BQ00163|20230213|445510|TVA a decaisser|||BQ024893|20230213|OPERATION BANCAIRE 04/01|0,00|1608,42|||20230216||
BQ|Banque|BQ00164|20230929|413000|Clients - Effets a recevoir|||BQ093414|20230929|OPERATION BANCAIRE 12/02|100,76|0,00|||20231001||
BQ|Banque|BQ00164|20230929|205000|Logiciels|||BQ093414|20230929|OPERATION BANCAIRE 12/02|0,00|100,76|||20231001||
BQ|Banque|BQ00165|20230131|661000|Charges d'interets|||BQ014371|20230131|CB 04/01 FOURNISSEUR|319,36|0,00|||20230204||
BQ|Banque|BQ00165|20230131|512000|Banque principale|||BQ014371|20230131|CB 04/01 FOURNISSEUR|0,00|319,36|||20230204||
BQ|Banque|BQ00166|20231227|613200|Locations immobilieres|||BQ125669|20231227|CB 23/01 FOURNISSEUR|737,18|0,00|||20231230||
BQ|Banque|BQ00166|20231227|411000|Clients|C00001|CLIENT ALPHA|BQ125669|20231227|CB 23/01 FOURNISSEUR|0,00|737,18|||20231230||
BQ|Banque|BQ00167|20231124|511000|Valeurs a l'encaissement|||BQ117793|20231124|VIREMENT 27/01 REF 30351800|511,58|0,00|||20231128||
BQ|Banque|BQ00167|20231124|438200|Charges sociales sur conges a payer|||BQ117793|20231124|VIREMENT 27/01 REF 30351800|0,00|511,58|||20231128||
BQ|Banque|BQ00168|20230323|675000|Valeurs comptables des elements d'actif cedes|||BQ031651|20230323|CB 11/02 FOURNISSEUR|1691,01|0,00|||20230327||
BQ|Banque|BQ00168|20230323|508000|Interets courus sur VMP|||BQ031651|20230323|CB 11/02 FOURNISSEUR|0,00|1691,01|||20230327||
BQ|Banque|BQ00169|20230105|631000|Impots, taxes et versements assimiles sur remunerations|||BQ015251|20230105|CB 14/02 FOURNISSEUR|1218,67|0,00|||20230105||
BQ|Banque|BQ00169|20230105|404000|Fournisseurs d'immobilisations|||BQ015251|20230105|CB 14/02 FOURNISSEUR|0,00|1218,67|||20230105||
BQ|Banque|BQ00170|20230602|601000|Achats de matieres premieres|||BQ065392|20230602|CB 04/01 FOURNISSEUR|781,02|0,00|||20230609||
BQ|Banque|BQ00170|20230602|511000|Valeurs a l'encaissement|||BQ065392|20230602|CB 04/01 FOURNISSEUR|0,00|781,02|||20230609||
BQ|Banque|BQ00171|20230823|681110|Dot. amort. sur immo. incorporelles|||BQ085923|20230823|CB 16/02 FOURNISSEUR|1751,74|0,00|||20230824||
BQ|Banque|BQ00171|20230823|445520|TVA due intracommunautaire|||BQ085923|20230823|CB 16/02 FOURNISSEUR|0,00|1751,74|||20230824||
BQ|Banque|BQ00172|20230518|771000|Produits exceptionnels sur operations de gestion|||BQ054336|20230518|OPERATION BANCAIRE 24/02|1570,51|0,00|||20230523||
BQ|Banque|BQ00172|20230518|413000|Clients - Effets a recevoir|||BQ054336|20230518|OPERATION BANCAIRE 24/02|0,00|1570,51|||20230523||
BQ|Banque|BQ00173|20231208|758000|Produits divers de gestion courante|||BQ125962|20231208|OPERATION BANCAIRE 07/02|945,44|0,00|||20231215||
BQ|Banque|BQ00173|20231208|647000|Autres charges sociales|||BQ125962|20231208|OPERATION BANCAIRE 07/02|0,00|945,44|||20231215||
BQ|Banque|BQ00174|20231124|615600|Maintenance|||BQ119168|20231124|CB 05/01 FOURNISSEUR|1221,49|0,00|||20231126||
BQ|Banque|BQ00174|20231124|403000|Fournisseurs - Effets a payer|||BQ119168|20231124|CB 05/01 FOURNISSEUR|0,00|1221,49|||20231126||
BQ|Banque|BQ00175|20230919|606800|Autres matieres et fournitures|||BQ095230|20230919|CB 04/02 FOURNISSEUR|1669,98|0,00|||20230926||
BQ|Banque|BQ00175|20230919|444000|Etat - Impots sur les benefices|||BQ095230|20230919|CB 04/02 FOURNISSEUR|0,00|1669,98|||20230926||
BQ|Banque|BQ00176|20231106|625600|Missions|||BQ118183|20231106|CB 23/02 FOURNISSEUR|1326,20|0,00|||20231106||
BQ|Banque|BQ00176|20231106|409100|Fournisseurs - Avances et acomptes verses|||BQ118183|20231106|CB 23/02 FOURNISSEUR|0,00|1326,20|||20231106||
BQ|Banque|BQ00177|20230623|691000|Participation des salaries aux resultats|||BQ066122|20230623|CB 18/01 FOURNISSEUR|65,81|0,00|||20230626||
BQ|Banque|BQ00177|20230623|447100|Autres impots, taxes et versements assimiles|||BQ066122|20230623|CB 18/01 FOURNISSEUR|0,00|65,81|||20230626||
CA|Caisse|CA00001|20230620|626000|Frais postaux et de telecommunications|||CA061346|20230620|OPERATION DIVERSE 10/01/2025|874,12|0,00|||20230620||
CA|Caisse|CA00001|20230620|508000|Interets courus sur VMP|||CA061346|20230620|OPERATION DIVERSE 10/01/2025|0,00|874,12|||20230620||
CA|Caisse|CA00002|20230906|764000|Revenus des valeurs mobilieres de placement|||CA091748|20230906|OPERATION DIVERSE 04/02/2025|459,85|0,00|||20230906||
CA|Caisse|CA00002|20230906|681500|Dot. provisions pour risques et charges d'exploitation|||CA091748|20230906|OPERATION DIVERSE 04/02/2025|0,00|459,85|||20230906||
CA|Caisse|CA00003|20230224|455000|Associes - Comptes courants|||CA022718|20230224|OPERATION DIVERSE 07/01/2025|793,32|0,00|||20230227||
CA|Caisse|CA00003|20230224|445620|TVA deductible sur immobilisations|||CA022718|20230224|OPERATION DIVERSE 07/01/2025|0,00|793,32|||20230227||
CA|Caisse|CA00004|20231013|403000|Fournisseurs - Effets a payer|||CA102706|20231013|OPERATION DIVERSE 23/02/2025|730,36|0,00|||20231019||
CA|Caisse|CA00004|20231013|281820|Amort. materiel de transport|||CA102706|20231013|OPERATION DIVERSE 23/02/2025|0,00|730,36|||20231019||
CA|Caisse|CA00005|20231016|451000|Groupe|||CA105181|20231016|OPERATION DIVERSE 20/02/2025|997,56|0,00|||20231019||
CA|Caisse|CA00005|20231016|281830|Amort. materiel de bureau|||CA105181|20231016|OPERATION DIVERSE 20/02/2025|0,00|997,56|||20231019||
CA|Caisse|CA00006|20230518|627000|Services bancaires et assimiles|||CA052033|20230518|OPERATION DIVERSE 05/02/2025|1206,13|0,00|||20230522||
CA|Caisse|CA00006|20230518|408100|Fournisseurs - Factures non parvenues|||CA052033|20230518|OPERATION DIVERSE 05/02/2025|0,00|1206,13|||20230522||
CA|Caisse|CA00007|20230428|512000|Banque principale|||CA041460|20230428|OPERATION DIVERSE 01/02/2025|9918,52|0,00|||20230505||
CA|Caisse|CA00007|20230428|713000|Variation des stocks|||CA041460|20230428|OPERATION DIVERSE 01/02/2025|0,00|9918,52|||20230505||
CA|Caisse|CA00008|20231115|168800|Interets courus sur emprunts|||CA113385|20231115|OPERATION DIVERSE 14/01/2025|258,44|0,00|||20231115||
CA|Caisse|CA00008|20231115|106100|Reserve legale|||CA113385|20231115|OPERATION DIVERSE 14/01/2025|0,00|258,44|||20231115||
CA|Caisse|CA00009|20230529|764000|Revenus des valeurs mobilieres de placement|||CA051153|20230529|OPERATION DIVERSE 27/01/2025|178,53|0,00|||20230601||
CA|Caisse|CA00009|20230529|500000|Valeurs mobilieres de placement|||CA051153|20230529|OPERATION DIVERSE 27/01/2025|0,00|178,53|||20230601||
CA|Caisse|CA00010|20230529|781740|Reprises sur provisions sur creances|||CA052467|20230529|OPERATION DIVERSE 07/01/2025|1625,88|0,00|||20230603||
CA|Caisse|CA00010|20230529|623100|Annonces et insertions|||CA052467|20230529|OPERATION DIVERSE 07/01/2025|0,00|1625,88|||20230603||
CA|Caisse|CA00011|20230113|281310|Amort. batiments|||CA016838|20230113|OPERATION DIVERSE 15/01/2025|5050,55|0,00|||20230119||
CA|Caisse|CA00011|20230113|512000|Banque principale|||CA016838|20230113|OPERATION DIVERSE 15/01/2025|0,00|5050,55|||20230119||
CA|Caisse|CA00012|20230731|796000|Transferts de charges financieres|||CA073774|20230731|OPERATION DIVERSE 20/01/2025|849,51|0,00|||20230805||
CA|Caisse|CA00012|20230731|281830|Amort. materiel de bureau|||CA073774|20230731|OPERATION DIVERSE 20/01/2025|0,00|849,51|||20230805||
CA|Caisse|CA00013|20230810|487000|Produits constates d'avance|||CA082960|20230810|OPERATION DIVERSE 02/02/2025|950,81|0,00|||20230811||
CA|Caisse|CA00013|20230810|500000|Valeurs mobilieres de placement|||CA082960|20230810|OPERATION DIVERSE 02/02/2025|0,00|950,81|||20230811||
CA|Caisse|CA00014|20231208|764000|Revenus des valeurs mobilieres de placement|||CA126728|20231208|OPERATION DIVERSE 01/02/2025|784,58|0,00|||20231213||
CA|Caisse|CA00014|20231208|518700|Interets courus a recevoir|||CA126728|20231208|OPERATION DIVERSE 01/02/2025|0,00|784,58|||20231213||
CA|Caisse|CA00015|20230220|411000|Clients|C00006|CLIENT ZETA|CA021202|20230220|OPERATION DIVERSE 25/01/2025|8861,03|0,00|||20230224||
CA|Caisse|CA00015|20230220|397100|Depreciation des stocks de marchandises|||CA021202|20230220|OPERATION DIVERSE 25/01/2025|0,00|8861,03|||20230224||
CA|Caisse|CA00016|20230216|645000|Charges de securite sociale et de prevoyance|||CA021857|20230216|OPERATION DIVERSE 23/02/2025|824,25|0,00|||20230219||
CA|Caisse|CA00016|20230216|518100|Interets courus a payer|||CA021857|20230216|OPERATION DIVERSE 23/02/2025|0,00|824,25|||20230219||
CA|Caisse|CA00017|20230404|631000|Impots, taxes et versements assimiles sur remunerations|||CA048332|20230404|OPERATION DIVERSE 04/02/2025|437,51|0,00|||20230408||
CA|Caisse|CA00017|20230408|511000|Valeurs a l'encaissement|||CA048332|20230404|OPERATION DIVERSE 04/02/2025|0,00|437,51|||20230408||
CA|Caisse|CA00018|20231025|771000|Produits exceptionnels sur operations de gestion|||CA102738|20231025|OPERATION DIVERSE 09/02/2025|1152,13|0,00|||20231101||
CA|Caisse|CA00018|20231025|613200|Locations immobilieres|||CA102738|20231025|OPERATION DIVERSE 09/02/2025|0,00|1152,13|||20231101||
CA|Caisse|CA00019|20230215|151000|Provisions pour risques|||CA023417|20230215|OPERATION DIVERSE 16/02/2025|775,65|0,00|||20230217||
CA|Caisse|CA00019|20230215|445510|TVA a decaisser|||CA023417|20230215|OPERATION DIVERSE 16/02/2025|0,00|775,65|||20230217||
CA|Caisse|CA00020|20230504|766000|Gains de change|||CA051755|20230504|OPERATION DIVERSE 26/01/2025|758,86|0,00|||20230510||
CA|Caisse|CA00020|20230504|321000|Matieres consommables|||CA051755|20230504|OPERATION DIVERSE 26/01/2025|0,00|758,86|||20230510||
CA|Caisse|CA00021|20230508|707000|Ventes de marchandises|||CA059618|20230508|OPERATION DIVERSE 17/02/2025|326,67|0,00|||20230514||
CA|Caisse|CA00021|20230508|798000|Integration fiscale - Produits|||CA059618|20230508|OPERATION DIVERSE 17/02/2025|0,00|326,67|||20230514||
CA|Caisse|CA00022|20230605|651000|Redevances pour concessions, brevets, licences, etc.|||CA066881|20230605|OPERATION DIVERSE 22/02/2025|1758,18|0,00|||20230610||
CA|Caisse|CA00022|20230605|416000|Clients douteux|||CA066881|20230605|OPERATION DIVERSE 22/02/2025|0,00|1758,18|||20230610||
CA|Caisse|CA00023|20230727|518700|Interets courus a recevoir|||CA073163|20230727|OPERATION DIVERSE 19/01/2025|895,95|0,00|||20230802||
CA|Caisse|CA00023|20230727|602100|Achats de matieres consommables|||CA073163|20230727|OPERATION DIVERSE 19/01/2025|0,00|895,95|||20230802||
CA|Caisse|CA00024|20230818|218200|Materiel de transport|||CA086078|20230818|OPERATION DIVERSE 01/01/2025|8828,14|0,00|||20230818||
CA|Caisse|CA00024|20230818|512100|Banque secondaire|||CA086078|20230818|OPERATION DIVERSE 01/01/2025|0,00|8828,14|||20230818||
CA|Caisse|CA00025|20230105|370000|Marchandises|||CA014888|20230105|OPERATION DIVERSE 21/02/2025|923,70|0,00|||20230112||
CA|Caisse|CA00025|20230105|654000|Pertes sur creances irrecouvrables|||CA014888|20230105|OPERATION DIVERSE 21/02/2025|0,00|923,70|||20230112||
CA|Caisse|CA00026|20230817|403000|Fournisseurs - Effets a payer|||CA086976|20230817|OPERATION DIVERSE 31/01/2025|51,01|0,00|||20230820||
CA|Caisse|CA00026|20230817|421000|Personnel - Remunerations dues|||CA086976|20230817|OPERATION DIVERSE 31/01/2025|0,00|51,01|||20230820||
CA|Caisse|CA00027|20230720|486000|Charges constatees d'avance|||CA078863|20230720|OPERATION DIVERSE 08/02/2025|134,30|0,00|||20230721||
CA|Caisse|CA00027|20230720|706000|Prestations de services|||CA078863|20230720|OPERATION DIVERSE 08/02/2025|0,00|134,30|||20230721||
CA|Caisse|CA00028|20230425|765000|Escomptes obtenus|||CA041441|20230425|OPERATION DIVERSE 03/02/2025|1333,35|0,00|||20230428||
CA|Caisse|CA00028|20230425|471000|Compte d'attente|||CA041441|20230425|OPERATION DIVERSE 03/02/2025|0,00|1333,35|||20230428||
CA|Caisse|CA00029|20230210|397100|Depreciation des stocks de marchandises|||CA028251|20230210|OPERATION DIVERSE 18/02/2025|200,98|0,00|||20230210||
CA|Caisse|CA00029|20230210|431000|Securite sociale|||CA028251|20230210|OPERATION DIVERSE 18/02/2025|0,00|200,98|||20230210||
CA|Caisse|CA00030|20230706|101000|Capital social|||CA077648|20230706|OPERATION DIVERSE 13/02/2025|938,06|0,00|||20230708||
CA|Caisse|CA00030|20230706|686500|Dot. provisions pour risques et charges financiers|||CA077648|20230706|OPERATION DIVERSE 13/02/2025|0,00|938,06|||20230708||
CA|Caisse|CA00031|20231120|762000|Produits des autres immobilisations financieres|||CA115408|20231120|OPERATION DIVERSE 08/02/2025|376,49|0,00|||20231125||
CA|Caisse|CA00031|20231120|754000|Ristournes percues des cooperatives|||CA115408|20231120|OPERATION DIVERSE 08/02/2025|0,00|376,49|||20231125||
CA|Caisse|CA00032|20231113|681740|Dot. provisions sur creances|||CA114351|20231113|OPERATION DIVERSE 22/02/2025|1664,94|0,00|||20231113||
CA|Caisse|CA00032|20231113|467000|Autres comptes debiteurs ou crediteurs|||CA114351|20231113|OPERATION DIVERSE 22/02/2025|0,00|1664,94|||20231113||
CA|Caisse|CA00033|20230706|445660|TVA deductible sur ABS|||CA076618|20230706|OPERATION DIVERSE 21/02/2025|76,37|0,00|||20230706||
CA|Caisse|CA00033|20230708|281350|Amort. installations generales|||CA076618|20230706|OPERATION DIVERSE 21/02/2025|0,00|76,37|||20230706||
CA|Caisse|CA00034|20230505|606100|Electricite, gaz, eau|||CA053488|20230505|OPERATION DIVERSE 19/02/2025|800,85|0,00|||20230509||
CA|Caisse|CA00034|20230505|471000|Compte d'attente|||CA053488|20230505|OPERATION DIVERSE 19/02/2025|0,00|800,85|||20230509||
CA|Caisse|CA00035|20230616|622600|Honoraires|||CA063629|20230616|OPERATION DIVERSE 24/02/2025|1898,02|0,00|||20230618||
CA|Caisse|CA00035|20230616|445660|TVA deductible sur ABS|||CA063629|20230616|OPERATION DIVERSE 24/02/2025|0,00|1898,02|||20230618||
CA|Caisse|CA00036|20230602|517000|Autres organismes financiers|||CA066744|20230602|OPERATION DIVERSE 12/02/2025|904,91|0,00|||20230605||
CA|Caisse|CA00036|20230602|612000|Redevances de credit-bail|||CA066744|20230602|OPERATION DIVERSE 12/02/2025|0,00|904,91|||20230605||
CA|Caisse|CA00037|20230825|626000|Frais postaux et de telecommunications|||CA084810|20230825|OPERATION DIVERSE 19/01/2025|205,62|0,00|||20230825||
CA|Caisse|CA00037|20230825|431000|Securite sociale|||CA084810|20230825|OPERATION DIVERSE 19/01/2025|0,00|205,62|||20230825||
CA|Caisse|CA00038|20230220|445670|TVA collectee|||CA025402|20230220|OPERATION DIVERSE 11/02/2025|403,03|0,00|||20230227||
CA|Caisse|CA00038|20230220|706000|Prestations de services|||CA025402|20230220|OPERATION DIVERSE 11/02/2025|0,00|403,03|||20230227||
CA|Caisse|CA00039|20230912|444000|Etat - Impots sur les benefices|||CA094738|20230912|OPERATION DIVERSE 14/01/2025|962,20|0,00|||20230915||
CA|Caisse|CA00039|20230912|625600|Missions|||CA094738|20230912|OPERATION DIVERSE 14/01/2025|0,00|962,20|||20230915||
CA|Caisse|CA00040|20231213|530000|Caisse|||CA123756|20231213|OPERATION DIVERSE 07/02/2025|457,03|0,00|||20231219||
CA|Caisse|CA00040|20231213|418100|Clients - Factures a etablir|||CA123756|20231213|OPERATION DIVERSE 07/02/2025|0,00|457,03|||20231219||
CA|Caisse|CA00041|20230804|281540|Amort. materiel industriel|||CA082062|20230804|OPERATION DIVERSE 01/01/2025|1485,50|0,00|||20230810||
CA|Caisse|CA00041|20230804|512000|Banque principale|||CA082062|20230804|OPERATION DIVERSE 01/01/2025|0,00|1485,50|||20230810||
CA|Caisse|CA00042|20230921|590000|Depreciation des valeurs mobilieres de placement|||CA096873|20230921|OPERATION DIVERSE 17/02/2025|423,64|0,00|||20230921||
CA|Caisse|CA00042|20230921|621000|Personnel exterieur a l'entreprise|||CA096873|20230921|OPERATION DIVERSE 17/02/2025|0,00|423,64|||20230921||
CA|Caisse|CA00043|20231023|623400|Cadeaux a la clientele|||CA109423|20231023|OPERATION DIVERSE 06/02/2025|380,68|0,00|||20231026||
CA|Caisse|CA00043|20231023|447100|Autres impots, taxes et versements assimiles|||CA109423|20231023|OPERATION DIVERSE 06/02/2025|0,00|380,68|||20231026||
CA|Caisse|CA00044|20230307|740000|Subventions d'exploitation|||CA036375|20230307|OPERATION DIVERSE 16/01/2025|785,49|0,00|||20230309||
CA|Caisse|CA00044|20230307|471000|Compte d'attente|||CA036375|20230307|OPERATION DIVERSE 16/01/2025|0,00|785,49|||20230309||
CA|Caisse|CA00045|20230927|625700|Receptions|||CA096047|20230927|OPERATION DIVERSE 14/02/2025|1878,69|0,00|||20231003||
CA|Caisse|CA00045|20230927|431000|Securite sociale|||CA096047|20230927|OPERATION DIVERSE 14/02/2025|0,00|1878,69|||20231003||
CA|Caisse|CA00046|20231103|211000|Terrains|||CA118580|20231103|OPERATION DIVERSE 13/02/2025|5251,89|0,00|||20231109||
CA|Caisse|CA00046|20231103|512100|Banque secondaire|||CA118580|20231103|OPERATION DIVERSE 13/02/2025|0,00|5251,89|||20231109||
CA|Caisse|CA00047|20231102|281840|Amort. mobilier|||CA113871|20231102|OPERATION DIVERSE 03/02/2025|10645,84|0,00|||20231109||
CA|Caisse|CA00047|20231102|404000|Fournisseurs d'immobilisations|||CA113871|20231102|OPERATION DIVERSE 03/02/2025|0,00|10645,84|||20231109||
CA|Caisse|CA00048|20230424|397100|Depreciation des stocks de marchandises|||CA044020|20230424|OPERATION DIVERSE 14/02/2025|899,63|0,00|||20230425||
CA|Caisse|CA00048|20230424|508000|Interets courus sur VMP|||CA044020|20230424|OPERATION DIVERSE 14/02/2025|0,00|899,63|||20230425||
CA|Caisse|CA00049|20230630|623000|Publicite, publications, relations publiques|||CA067413|20230630|OPERATION DIVERSE 03/02/2025|617,53|0,00|||20230703||
CA|Caisse|CA00049|20230630|445710|TVA collectee a payer|||CA067413|20230630|OPERATION DIVERSE 03/02/2025|0,00|617,53|||20230703||
CA|Caisse|CA00050|20230407|786500|Reprises sur provisions pour risques et charges financiers|||CA043468|20230407|OPERATION DIVERSE 09/01/2025|617,10|0,00|||20230413||
CA|Caisse|CA00050|20230407|606100|Electricite, gaz, eau|||CA043468|20230407|OPERATION DIVERSE 09/01/2025|0,00|617,10|||20230413||
CA|Caisse|CA00051|20230619|758000|Produits divers de gestion courante|||CA067637|20230619|OPERATION DIVERSE 29/01/2025|346,95|0,00|||20230619||
CA|Caisse|CA00051|20230619|626000|Frais postaux et de telecommunications|||CA067637|20230619|OPERATION DIVERSE 29/01/2025|0,00|346,95|||20230619||
CA|Caisse|CA00052|20230524|280500|Amort. logiciels|||CA053189|20230524|OPERATION DIVERSE 26/02/2025|16011,53|0,00|||20230524||
CA|Caisse|CA00052|20230524|512100|Banque secondaire|||CA053189|20230524|OPERATION DIVERSE 26/02/2025|0,00|16011,53|||20230524||
CA|Caisse|CA00053|20230202|487000|Produits constates d'avance|||CA028316|20230202|OPERATION DIVERSE 06/01/2025|394,30|0,00|||20230204||
CA|Caisse|CA00053|20230202|625100|Voyages et deplacements|||CA028316|20230202|OPERATION DIVERSE 06/01/2025|0,00|394,30|||20230204||
CA|Caisse|CA00054|20230616|623100|Annonces et insertions|||CA068409|20230616|OPERATION DIVERSE 14/02/2025|734,84|0,00|||20230621||
CA|Caisse|CA00054|20230616|455000|Associes - Comptes courants|||CA068409|20230616|OPERATION DIVERSE 14/02/2025|0,00|734,84|||20230621||
CA|Caisse|CA00055|20231219|623400|Cadeaux a la clientele|||CA129602|20231219|OPERATION DIVERSE 06/01/2025|335,01|0,00|||20231225||
CA|Caisse|CA00055|20231219|514000|Cheques postaux|||CA129602|20231219|OPERATION DIVERSE 06/01/2025|0,00|335,01|||20231225||
CA|Caisse|CA00056|20230206|165000|Depots et cautionnements recus|||CA028912|20230206|OPERATION DIVERSE 21/01/2025|788,95|0,00|||20230209||
CA|Caisse|CA00056|20230206|651000|Redevances pour concessions, brevets, licences, etc.|||CA028912|20230206|OPERATION DIVERSE 21/01/2025|0,00|788,95|||20230209||
CA|Caisse|CA00057|20230627|431000|Securite sociale|||CA066379|20230627|OPERATION DIVERSE 15/01/2025|326,67|0,00|||20230703||
CA|Caisse|CA00057|20230627|681110|Dot. amort. sur immo. incorporelles|||CA066379|20230627|OPERATION DIVERSE 15/01/2025|0,00|326,67|||20230703||
CA|Caisse|CA00058|20231012|740000|Subventions d'exploitation|||CA109691|20231012|OPERATION DIVERSE 12/01/2025|1907,91|0,00|||20231016||
CA|Caisse|CA00058|20231012|713000|Variation des stocks|||CA109691|20231012|OPERATION DIVERSE 12/01/2025|0,00|1907,91|||20231016||
CA|Caisse|CA00059|20230804|765000|Escomptes obtenus|||CA085912|20230804|OPERATION DIVERSE 16/02/2025|76,42|0,00|||20230811||
CA|Caisse|CA00059|20230804|427000|Personnel - Oppositions|||CA085912|20230804|OPERATION DIVERSE 16/02/2025|0,00|76,42|||20230811||
CA|Caisse|CA00060|20231201|419100|Clients - Avances et acomptes recus|||CA129203|20231201|OPERATION DIVERSE 10/02/2025|703,23|0,00|||20231204||
CA|Caisse|CA00060|20231201|602100|Achats de matieres consommables|||CA129203|20231201|OPERATION DIVERSE 10/02/2025|0,00|703,23|||20231204||
CA|Caisse|CA00061|20230623|618500|Frais de colloques, seminaires, conferences|||CA061949|20230623|OPERATION DIVERSE 08/01/2025|1148,85|0,00|||20230630||
CA|Caisse|CA00061|20230623|445620|TVA deductible sur immobilisations|||CA061949|20230623|OPERATION DIVERSE 08/01/2025|0,00|1148,85|||20230630||
CA|Caisse|CA00062|20230209|720000|Production immobilisee|||CA027804|20230209|OPERATION DIVERSE 29/01/2025|847,66|0,00|||20230210||
CA|Caisse|CA00062|20230209|165000|Depots et cautionnements recus|||CA027804|20230209|OPERATION DIVERSE 29/01/2025|0,00|847,66|||20230210||
CA|Caisse|CA00063|20230608|626000|Frais postaux et de telecommunications|||CA061388|20230608|OPERATION DIVERSE 04/01/2025|1632,92|0,00|||20230612||
CA|Caisse|CA00063|20230608|517000|Autres organismes financiers|||CA061388|20230608|OPERATION DIVERSE 04/01/2025|0,00|1632,92|||20230612||
CA|Caisse|CA00064|20230809|165000|Depots et cautionnements recus|||CA087095|20230809|OPERATION DIVERSE 18/02/2025|186,07|0,00|||20230814||
CA|Caisse|CA00064|20230809|280500|Amort. logiciels|||CA087095|20230809|OPERATION DIVERSE 18/02/2025|0,00|186,07|||20230814||
CA|Caisse|CA00065|20230627|781500|Reprises sur provisions pour risques et charges d'exploitation|||CA065446|20230627|OPERATION DIVERSE 03/01/2025|1277,76|0,00|||20230629||
CA|Caisse|CA00065|20230627|771000|Produits exceptionnels sur operations de gestion|||CA065446|20230627|OPERATION DIVERSE 03/01/2025|0,00|1277,76|||20230629||
CA|Caisse|CA00066|20230724|281830|Amort. materiel de bureau|||CA072420|20230724|OPERATION DIVERSE 14/02/2025|999,11|0,00|||20230730||
CA|Caisse|CA00066|20230724|404000|Fournisseurs d'immobilisations|||CA072420|20230724|OPERATION DIVERSE 14/02/2025|0,00|999,11|||20230730||
CA|Caisse|CA00067|20230302|625600|Missions|||CA031474|20230302|OPERATION DIVERSE 16/01/2025|1713,01|0,00|||20230303||
CA|Caisse|CA00067|20230302|445520|TVA due intracommunautaire|||CA031474|20230302|OPERATION DIVERSE 16/01/2025|0,00|1713,01|||20230303||
CA|Caisse|CA00068|20230807|786500|Reprises sur provisions pour risques et charges financiers|||CA088844|20230807|OPERATION DIVERSE 03/01/2025|542,64|0,00|||20230811||
CA|Caisse|CA00068|20230807|627000|Services bancaires et assimiles|||CA088844|20230807|OPERATION DIVERSE 03/01/2025|0,00|542,64|||20230811||
CA|Caisse|CA00069|20230704|762000|Produits des autres immobilisations financieres|||CA072762|20230704|OPERATION DIVERSE 05/01/2025|1023,39|0,00|||20230707||
CA|Caisse|CA00069|20230704|618500|Frais de colloques, seminaires, conferences|||CA072762|20230704|OPERATION DIVERSE 05/01/2025|0,00|1023,39|||20230707||
CA|Caisse|CA00070|20231012|602100|Achats de matieres consommables|||CA101531|20231012|OPERATION DIVERSE 07/01/2025|1780,40|0,00|||20231018||
CA|Caisse|CA00070|20231012|512100|Banque secondaire|||CA101531|20231012|OPERATION DIVERSE 07/01/2025|0,00|1780,40|||20231018||
CA|Caisse|CA00071|20230620|471000|Compte d'attente|||CA069951|20230620|OPERATION DIVERSE 02/01/2025|699,95|0,00|||20230625||
CA|Caisse|CA00071|20230620|698000|Integration fiscale - Charges|||CA069951|20230620|OPERATION DIVERSE 02/01/2025|0,00|699,95|||20230625||
CA|Caisse|CA00072|20230317|514000|Cheques postaux|||CA036971|20230317|OPERATION DIVERSE 27/01/2025|164,74|0,00|||20230322||
CA|Caisse|CA00072|20230317|775000|Produits des cessions d'elements d'actif|||CA036971|20230317|OPERATION DIVERSE 27/01/2025|0,00|164,74|||20230322||
CA|Caisse|CA00073|20231213|621000|Personnel exterieur a l'entreprise|||CA124887|20231213|OPERATION DIVERSE 27/01/2025|1973,85|0,00|||20231219||
CA|Caisse|CA00073|20231213|416000|Clients douteux|||CA124887|20231213|OPERATION DIVERSE 27/01/2025|0,00|1973,85|||20231219||
CA|Caisse|CA00074|20230317|615200|Entretien et reparations sur biens immobiliers|||CA031061|20230317|OPERATION DIVERSE 16/01/2025|795,33|0,00|||20230320||
CA|Caisse|CA00074|20230317|467000|Autres comptes debiteurs ou crediteurs|||CA031061|20230317|OPERATION DIVERSE 16/01/2025|0,00|795,33|||20230320||
CA|Caisse|CA00075|20231214|512000|Banque principale|||CA123507|20231214|OPERATION DIVERSE 17/02/2025|4176,95|0,00|||20231220||
CA|Caisse|CA00075|20231214|487000|Produits constates d'avance|||CA123507|20231214|OPERATION DIVERSE 17/02/2025|0,00|4176,95|||20231220||
CA|Caisse|CA00076|20230921|517000|Autres organismes financiers|||CA094530|20230921|OPERATION DIVERSE 02/01/2025|328,98|0,00|||20230922||
CA|Caisse|CA00076|20230921|438200|Charges sociales sur conges a payer|||CA094530|20230921|OPERATION DIVERSE 02/01/2025|0,00|328,98|||20230922||
CA|Caisse|CA00077|20231027|612000|Redevances de credit-bail|||CA104165|20231027|OPERATION DIVERSE 11/01/2025|1574,48|0,00|||20231031||
CA|Caisse|CA00077|20231027|518100|Interets courus a payer|||CA104165|20231027|OPERATION DIVERSE 11/01/2025|0,00|1574,48|||20231031||
CA|Caisse|CA00078|20230217|615600|Maintenance|||CA024002|20230217|OPERATION DIVERSE 09/01/2025|1733,95|0,00|||20230222||
CA|Caisse|CA00078|20230217|530000|Caisse|||CA024002|20230217|OPERATION DIVERSE 09/01/2025|0,00|1733,95|||20230222||
CA|Caisse|CA00079|20230412|687000|Dot. amort. et provisions exceptionnels|||CA047964|20230412|OPERATION DIVERSE 22/02/2025|1055,97|0,00|||20230416||
CA|Caisse|CA00079|20230412|408100|Fournisseurs - Factures non parvenues|||CA047964|20230412|OPERATION DIVERSE 22/02/2025|0,00|1055,97|||20230416||
CA|Caisse|CA00080|20230606|445670|TVA collectee|||CA068623|20230606|OPERATION DIVERSE 10/02/2025|68,22|0,00|||20230609||
CA|Caisse|CA00080|20230606|203000|Frais de recherche et developpement|||CA068623|20230606|OPERATION DIVERSE 10/02/2025|0,00|68,22|||20230609||
CA|Caisse|CA00081|20231201|371000|Stock de marchandises|||CA128190|20231201|OPERATION DIVERSE 27/02/2025|490,78|0,00|||20231201||
CA|Caisse|CA00081|20231201|633000|Impots, taxes et versements assimiles sur remunerations (autres organismes)|||CA128190|20231201|OPERATION DIVERSE 27/02/2025|0,00|490,78|||20231201||
CA|Caisse|CA00082|20230425|106100|Reserve legale|||CA044633|20230425|OPERATION DIVERSE 05/02/2025|289,28|0,00|||20230425||
CA|Caisse|CA00082|20230425|618500|Frais de colloques, seminaires, conferences|||CA044633|20230425|OPERATION DIVERSE 05/02/2025|0,00|289,28|||20230425||
CA|Caisse|CA00083|20230621|642000|Remunerations des dirigeants|||CA066080|20230621|OPERATION DIVERSE 01/02/2025|1020,24|0,00|||20230621||
CA|Caisse|CA00083|20230621|419100|Clients - Avances et acomptes recus|||CA066080|20230621|OPERATION DIVERSE 01/02/2025|0,00|1020,24|||20230621||
CA|Caisse|CA00084|20231211|218100|Installations generales, agencements divers|||CA125107|20231211|OPERATION DIVERSE 12/01/2025|10120,79|0,00|||20231215||
CA|Caisse|CA00084|20231211|404000|Fournisseurs d'immobilisations|||CA125107|20231211|OPERATION DIVERSE 12/01/2025|0,00|10120,79|||20231215||
CA|Caisse|CA00085|20230711|508000|Interets courus sur VMP|||CA078177|20230711|OPERATION DIVERSE 13/02/2025|233,30|0,00|||20230715||
CA|Caisse|CA00085|20230711|397100|Depreciation des stocks de marchandises|||CA078177|20230711|OPERATION DIVERSE 13/02/2025|0,00|233,30|||20230715||
CA|Caisse|CA00086|20230921|441000|Etat - Impot sur les benefices|||CA097757|20230921|OPERATION DIVERSE 13/01/2025|972,55|0,00|||20230925||
CA|Caisse|CA00086|20230921|371000|Stock de marchandises|||CA097757|20230921|OPERATION DIVERSE 13/01/2025|0,00|972,55|||20230925||
CA|Caisse|CA00087|20230331|618500|Frais de colloques, seminaires, conferences|||CA035776|20230331|OPERATION DIVERSE 20/02/2025|1496,74|0,00|||20230404||
CA|Caisse|CA00087|20230331|511000|Valeurs a l'encaissement|||CA035776|20230331|OPERATION DIVERSE 20/02/2025|0,00|1496,74|||20230404||
CA|Caisse|CA00088|20230818|401000|Fournisseurs|F00006|MAINTENANCE PRO|CA081370|20230818|OPERATION DIVERSE 25/01/2025|7698,66|0,00|||20230822||
CA|Caisse|CA00088|20230818|518100|Interets courus a payer|||CA081370|20230818|OPERATION DIVERSE 25/01/2025|0,00|7698,66|||20230822||
CA|Caisse|CA00089|20230503|647000|Autres charges sociales|||CA055150|20230503|OPERATION DIVERSE 13/01/2025|77,98|0,00|||20230509||
CA|Caisse|CA00089|20230503|445510|TVA a decaisser|||CA055150|20230503|OPERATION DIVERSE 13/01/2025|0,00|77,98|||20230509||
CA|Caisse|CA00090|20231130|444000|Etat - Impots sur les benefices|||CA119530|20231130|OPERATION DIVERSE 09/02/2025|49,49|0,00|||20231206||
CA|Caisse|CA00090|20231130|397100|Depreciation des stocks de marchandises|||CA119530|20231130|OPERATION DIVERSE 09/02/2025|0,00|49,49|||20231206||
CA|Caisse|CA00091|20230109|500000|Valeurs mobilieres de placement|||CA012553|20230109|OPERATION DIVERSE 24/01/2025|507,85|0,00|||20230111||
CA|Caisse|CA00091|20230109|218400|Mobilier|||CA012553|20230109|OPERATION DIVERSE 24/01/2025|0,00|507,85|||20230111||
CA|Caisse|CA00092|20230317|713000|Variation des stocks|||CA031524|20230317|OPERATION DIVERSE 03/01/2025|1327,71|0,00|||20230318||
CA|Caisse|CA00092|20230317|627000|Services bancaires et assimiles|||CA031524|20230317|OPERATION DIVERSE 03/01/2025|0,00|1327,71|||20230318||
CA|Caisse|CA00093|20231024|404000|Fournisseurs d'immobilisations|||CA107807|20231024|OPERATION DIVERSE 25/02/2025|839,26|0,00|||20231024||
CA|Caisse|CA00093|20231024|517000|Autres organismes financiers|||CA107807|20231024|OPERATION DIVERSE 25/02/2025|0,00|839,26|||20231024||
CA|Caisse|CA00094|20230825|445860|TVA sur factures non parvenues|||CA086781|20230825|OPERATION DIVERSE 16/01/2025|690,36|0,00|||20230826||
CA|Caisse|CA00094|20230825|648000|Autres charges de personnel|||CA086781|20230825|OPERATION DIVERSE 16/01/2025|0,00|690,36|||20230826||
CA|Caisse|CA00095|20231010|764000|Revenus des valeurs mobilieres de placement|||CA109584|20231010|OPERATION DIVERSE 05/01/2025|1377,04|0,00|||20231015||
CA|Caisse|CA00095|20231010|621000|Personnel exterieur a l'entreprise|||CA109584|20231010|OPERATION DIVERSE 05/01/2025|0,00|1377,04|||20231015||
CA|Caisse|CA00096|20230207|468600|Charges a payer|||CA028007|20230207|OPERATION DIVERSE 20/01/2025|361,89|0,00|||20230213||
CA|Caisse|CA00096|20230211|213100|Constructions - Batiments|||CA028007|20230207|OPERATION DIVERSE 20/01/2025|0,00|361,89|||20230213||
CA|Caisse|CA00097|20230105|764000|Revenus des valeurs mobilieres de placement|||CA015129|20230105|OPERATION DIVERSE 14/01/2025|1537,57|0,00|||20230110||
CA|Caisse|CA00097|20230105|416000|Clients douteux|||CA015129|20230105|OPERATION DIVERSE 14/01/2025|0,00|1537,57|||20230110||
CA|Caisse|CA00098|20230714|215400|Materiel industriel|||CA077079|20230714|OPERATION DIVERSE 04/02/2025|14643,67|0,00|||20230721||
CA|Caisse|CA00098|20230714|512100|Banque secondaire|||CA077079|20230714|OPERATION DIVERSE 04/02/2025|0,00|14643,67|||20230721||
CA|Caisse|CA00099|20230916|409100|Fournisseurs - Avances et acomptes verses|||CA093937|20230912|OPERATION DIVERSE 21/01/2025|175,35|0,00|||20230913||
CA|Caisse|CA00099|20230912|614000|Charges locatives|||CA093937|20230912|OPERATION DIVERSE 21/01/2025|0,00|175,35|||20230913||
CA|Caisse|CA00100|20231208|508000|Interets courus sur VMP|||CA125486|20231208|OPERATION DIVERSE 11/01/2025|904,48|0,00|||20231211||
CA|Caisse|CA00100|20231208|218300|Materiel de bureau et informatique|||CA125486|20231208|OPERATION DIVERSE 11/01/2025|0,00|904,48|||20231211||
CA|Caisse|CA00101|20231101|471000|Compte d'attente|||CA117283|20231101|OPERATION DIVERSE 06/02/2025|218,83|0,00|||20231102||
CA|Caisse|CA00101|20231101|445860|TVA sur factures non parvenues|||CA117283|20231101|OPERATION DIVERSE 06/02/2025|0,00|218,83|||20231102||
CA|Caisse|CA00102|20230519|421000|Personnel - Remunerations dues|||CA057525|20230519|OPERATION DIVERSE 11/01/2025|570,67|0,00|||20230525||
CA|Caisse|CA00102|20230519|213500|Installations generales, agencements|||CA057525|20230519|OPERATION DIVERSE 11/01/2025|0,00|570,67|||20230525||
CA|Caisse|CA00103|20230327|615600|Maintenance|||CA031128|20230327|OPERATION DIVERSE 20/01/2025|1062,70|0,00|||20230403||
CA|Caisse|CA00103|20230327|514000|Cheques postaux|||CA031128|20230327|OPERATION DIVERSE 20/01/2025|0,00|1062,70|||20230403||
CA|Caisse|CA00104|20231017|681500|Dot. provisions pour risques et charges d'exploitation|||CA107775|20231017|OPERATION DIVERSE 07/02/2025|196,89|0,00|||20231020||
CA|Caisse|CA00104|20231017|512100|Banque secondaire|||CA107775|20231017|OPERATION DIVERSE 07/02/2025|0,00|196,89|||20231020||
CA|Caisse|CA00105|20230724|218100|Installations generales, agencements divers|||CA075598|20230724|OPERATION DIVERSE 19/02/2025|2519,48|0,00|||20230730||
CA|Caisse|CA00105|20230724|512000|Banque principale|||CA075598|20230724|OPERATION DIVERSE 19/02/2025|0,00|2519,48|||20230730||
CA|Caisse|CA00106|20230512|606300|Fournitures d'entretien et petit equipement|||CA052739|20230512|OPERATION DIVERSE 10/02/2025|272,80|0,00|||20230512||
CA|Caisse|CA00106|20230512|409100|Fournisseurs - Avances et acomptes verses|||CA052739|20230512|OPERATION DIVERSE 10/02/2025|0,00|272,80|||20230512||
CA|Caisse|CA00107|20230210|664000|Pertes sur cessions de valeurs mobilieres de placement|||CA022228|20230210|OPERATION DIVERSE 09/02/2025|1878,23|0,00|||20230214||
CA|Caisse|CA00107|20230210|403000|Fournisseurs - Effets a payer|||CA022228|20230210|OPERATION DIVERSE 09/02/2025|0,00|1878,23|||20230214||
CA|Caisse|CA00108|20230427|445670|TVA collectee|||CA043283|20230427|OPERATION DIVERSE 25/02/2025|298,06|0,00|||20230429||
CA|Caisse|CA00108|20230427|106100|Reserve legale|||CA043283|20230427|OPERATION DIVERSE 25/02/2025|0,00|298,06|||20230429||
CA|Caisse|CA00109|20230602|614000|Charges locatives|||CA069760|20230602|OPERATION DIVERSE 13/02/2025|677,80|0,00|||20230602||
CA|Caisse|CA00109|20230602|445710|TVA collectee a payer|||CA069760|20230602|OPERATION DIVERSE 13/02/2025|0,00|677,80|||20230602||
CA|Caisse|CA00110|20230705|686500|Dot. provisions pour risques et charges financiers|||CA073692|20230705|OPERATION DIVERSE 20/02/2025|872,19|0,00|||20230705||
CA|Caisse|CA00110|20230705|514000|Cheques postaux|||CA073692|20230705|OPERATION DIVERSE 20/02/2025|0,00|872,19|||20230705||
CA|Caisse|CA00111|20230718|625100|Voyages et deplacements|||CA078605|20230718|OPERATION DIVERSE 25/01/2025|516,45|0,00|||20230719||
CA|Caisse|CA00111|20230718|455000|Associes - Comptes courants|||CA078605|20230718|OPERATION DIVERSE 25/01/2025|0,00|516,45|||20230719||
CA|Caisse|CA00112|20230308|608500|Frais accessoires d'achat|||CA036695|20230308|OPERATION DIVERSE 23/01/2025|1581,00|0,00|||20230312||
CA|Caisse|CA00112|20230308|455000|Associes - Comptes courants|||CA036695|20230308|OPERATION DIVERSE 23/01/2025|0,00|1581,00|||20230312||
CA|Caisse|CA00113|20230811|580000|Virements internes|||CA087234|20230811|OPERATION DIVERSE 11/01/2025|849,59|0,00|||20230816||
CA|Caisse|CA00113|20230811|419100|Clients - Avances et acomptes recus|||CA087234|20230811|OPERATION DIVERSE 11/01/2025|0,00|849,59|||20230816||
CA|Caisse|CA00114|20230112|213100|Constructions - Batiments|||CA017399|20230112|OPERATION DIVERSE 16/01/2025|10767,87|0,00|||20230118||
CA|Caisse|CA00114|20230112|404000|Fournisseurs d'immobilisations|||CA017399|20230112|OPERATION DIVERSE 16/01/2025|0,00|10767,87|||20230118||
CA|Caisse|CA00115|20230529|751000|Redevances pour concessions, brevets, licences, etc.|||CA051573|20230529|OPERATION DIVERSE 19/02/2025|1419,19|0,00|||20230604||
CA|Caisse|CA00115|20230529|445670|TVA collectee|||CA051573|20230529|OPERATION DIVERSE 19/02/2025|0,00|1419,19|||20230604||
CA|Caisse|CA00116|20231215|371000|Stock de marchandises|||CA121969|20231215|OPERATION DIVERSE 06/02/2025|945,79|0,00|||20231216||
CA|Caisse|CA00116|20231215|661000|Charges d'interets|||CA121969|20231215|OPERATION DIVERSE 06/02/2025|0,00|945,79|||20231216||
CA|Caisse|CA00117|20231110|664000|Pertes sur cessions de valeurs mobilieres de placement|||CA117396|20231110|OPERATION DIVERSE 04/01/2025|953,00|0,00|||20231111||
CA|Caisse|CA00117|20231110|590000|Depreciation des valeurs mobilieres de placement|||CA117396|20231110|OPERATION DIVERSE 04/01/2025|0,00|953,00|||20231111||
CA|Caisse|CA00118|20230215|409100|Fournisseurs - Avances et acomptes verses|||CA026068|20230215|OPERATION DIVERSE 06/01/2025|853,02|0,00|||20230219||
CA|Caisse|CA00118|20230215|775000|Produits des cessions d'elements d'actif|||CA026068|20230215|OPERATION DIVERSE 06/01/2025|0,00|853,02|||20230219||
CA|Caisse|CA00119|20231204|215400|Materiel industriel|||CA125352|20231204|OPERATION DIVERSE 15/02/2025|4823,80|0,00|||20231206||
CA|Caisse|CA00119|20231204|512100|Banque secondaire|||CA125352|20231204|OPERATION DIVERSE 15/02/2025|0,00|4823,80|||20231206||
CA|Caisse|CA00120|20231031|444000|Etat - Impots sur les benefices|||CA109782|20231031|OPERATION DIVERSE 11/01/2025|212,37|0,00|||20231104||
CA|Caisse|CA00120|20231031|213100|Constructions - Batiments|||CA109782|20231031|OPERATION DIVERSE 11/01/2025|0,00|212,37|||20231104||
CA|Caisse|CA00121|20230505|441000|Etat - Impot sur les benefices|||CA059812|20230505|OPERATION DIVERSE 03/02/2025|503,76|0,00|||20230510||
CA|Caisse|CA00121|20230505|628100|Concours divers (cotisations...)|||CA059812|20230505|OPERATION DIVERSE 03/02/2025|0,00|503,76|||20230510||
CA|Caisse|CA00122|20230526|408100|Fournisseurs - Factures non parvenues|||CA059179|20230526|OPERATION DIVERSE 28/01/2025|173,90|0,00|||20230526||
CA|Caisse|CA00122|20230526|404000|Fournisseurs d'immobilisations|||CA059179|20230526|OPERATION DIVERSE 28/01/2025|0,00|173,90|||20230526||
CA|Caisse|CA00123|20230811|771000|Produits exceptionnels sur operations de gestion|||CA087936|20230811|OPERATION DIVERSE 30/01/2025|1522,15|0,00|||20230813||
CA|Caisse|CA00123|20230812|408100|Fournisseurs - Factures non parvenues|||CA087936|20230811|OPERATION DIVERSE 30/01/2025|0,00|1522,15|||20230813||
CA|Caisse|CA00124|20231127|706000|Prestations de services|||CA118127|20231127|OPERATION DIVERSE 11/01/2025|671,61|0,00|||20231127||
CA|Caisse|CA00124|20231127|615500|Entretien et reparations sur biens mobiliers|||CA118127|20231127|OPERATION DIVERSE 11/01/2025|0,00|671,61|||20231127||
CA|Caisse|CA00125|20231221|613500|Locations mobilieres|||CA128374|20231221|OPERATION DIVERSE 29/01/2025|713,27|0,00|||20231225||
CA|Caisse|CA00125|20231221|444000|Etat - Impots sur les benefices|||CA128374|20231221|OPERATION DIVERSE 29/01/2025|0,00|713,27|||20231225||
CA|Caisse|CA00126|20231201|740000|Subventions d'exploitation|||CA123293|20231201|OPERATION DIVERSE 16/02/2025|893,87|0,00|||20231208||
CA|Caisse|CA00126|20231201|413000|Clients - Effets a recevoir|||CA123293|20231201|OPERATION DIVERSE 16/02/2025|0,00|893,87|||20231208||
CA|Caisse|CA00127|20231218|708500|Ports et frais accessoires factures|||CA126461|20231218|OPERATION DIVERSE 21/01/2025|102,96|0,00|||20231218||
CA|Caisse|CA00127|20231218|781740|Reprises sur provisions sur creances|||CA126461|20231218|OPERATION DIVERSE 21/01/2025|0,00|102,96|||20231218||
CA|Caisse|CA00128|20231025|635000|Autres impots, taxes et versements assimiles|||CA106978|20231025|OPERATION DIVERSE 24/01/2025|355,19|0,00|||20231029||
CA|Caisse|CA00128|20231025|530000|Caisse|||CA106978|20231025|OPERATION DIVERSE 24/01/2025|0,00|355,19|||20231029||
CA|Caisse|CA00129|20231027|601000|Achats de matieres premieres|||CA105730|20231027|OPERATION DIVERSE 21/02/2025|51,78|0,00|||20231028||
CA|Caisse|CA00129|20231027|491000|Depreciation des comptes clients|||CA105730|20231027|OPERATION DIVERSE 21/02/2025|0,00|51,78|||20231028||
CA|Caisse|CA00130|20230816|607000|Achats de marchandises|||CA089363|20230816|OPERATION DIVERSE 18/01/2025|199,47|0,00|||20230817||
CA|Caisse|CA00130|20230816|590000|Depreciation des valeurs mobilieres de placement|||CA089363|20230816|OPERATION DIVERSE 18/01/2025|0,00|199,47|||20230817||
CA|Caisse|CA00131|20230815|661000|Charges d'interets|||CA087029|20230815|OPERATION DIVERSE 27/02/2025|874,71|0,00|||20230817||
CA|Caisse|CA00131|20230815|511000|Valeurs a l'encaissement|||CA087029|20230815|OPERATION DIVERSE 27/02/2025|0,00|874,71|||20230817||
CA|Caisse|CA00132|20230601|231000|Immobilisations corporelles en cours|||CA064495|20230601|OPERATION DIVERSE 01/01/2025|1242,00|0,00|||20230603||
CA|Caisse|CA00132|20230601|512100|Banque secondaire|||CA064495|20230601|OPERATION DIVERSE 01/01/2025|0,00|1242,00|||20230603||
CA|Caisse|CA00133|20230123|468600|Charges a payer|||OD092649|20230123|OPERATION DIVERSE 19/02/2025|912,32|0,00|||20230125||
CA|Caisse|CA00133|20230123|647000|Autres charges sociales|||CA013617|20230123|OPERATION DIVERSE 19/02/2025|0,00|912,32|||20230125||
CA|Caisse|CA00134|20230404|602260|Achats d'emballages|||CA041669|20230404|OPERATION DIVERSE 23/01/2025|1451,00|0,00|||20230407||
CA|Caisse|CA00134|20230404|437000|Autres organismes sociaux|||CA041669|20230404|OPERATION DIVERSE 23/01/2025|0,00|1451,00|||20230407||
CA|Caisse|CA00135|20230526|467000|Autres comptes debiteurs ou crediteurs|||CA053638|20230526|OPERATION DIVERSE 11/02/2025|173,35|0,00|||20230527||
CA|Caisse|CA00135|20230526|512100|Banque secondaire|||CA053638|20230526|OPERATION DIVERSE 11/02/2025|0,00|173,35|||20230527||
CA|Caisse|CA00136|20230424|445710|TVA collectee a payer|||CA049196|20230424|OPERATION DIVERSE 09/01/2025|786,02|0,00|||20230428||
CA|Caisse|CA00136|20230424|751000|Redevances pour concessions, brevets, licences, etc.|||CA049196|20230424|OPERATION DIVERSE 09/01/2025|0,00|786,02|||20230428||
CA|Caisse|CA00137|20230911|791000|Transferts de charges d'exploitation|||CA094295|20230911|OPERATION DIVERSE 03/01/2025|243,65|0,00|||20230914||
CA|Caisse|CA00137|20230911|606400|Fournitures administratives|||CA094295|20230911|OPERATION DIVERSE 03/01/2025|0,00|243,65|||20230914||
CA|Caisse|CA00138|20230221|615200|Entretien et reparations sur biens immobiliers|||CA023499|20230221|OPERATION DIVERSE 05/02/2025|758,98|0,00|||20230223||
CA|Caisse|CA00138|20230225|445860|TVA sur factures non parvenues|||CA023499|20230221|OPERATION DIVERSE 05/02/2025|0,00|758,98|||20230223||
CA|Caisse|CA00139|20230414|491000|Depreciation des comptes clients|||CA045265|20230414|OPERATION DIVERSE 29/01/2025|494,34|0,00|||20230415||
CA|Caisse|CA00139|20230414|231000|Immobilisations corporelles en cours|||CA045265|20230414|OPERATION DIVERSE 29/01/2025|0,00|494,34|||20230415||
CA|Caisse|CA00140|20230929|681500|Dot. provisions pour risques et charges d'exploitation|||CA099724|20230929|OPERATION DIVERSE 09/02/2025|1064,03|0,00|||20230929||
CA|Caisse|CA00140|20230929|445660|TVA deductible sur ABS|||CA099724|20230929|OPERATION DIVERSE 09/02/2025|0,00|1064,03|||20230929||
CA|Caisse|CA00141|20231215|623000|Publicite, publications, relations publiques|||CA127345|20231215|OPERATION DIVERSE 15/02/2025|1441,04|0,00|||20231217||
CA|Caisse|CA00141|20231215|416000|Clients douteux|||CA127345|20231215|OPERATION DIVERSE 15/02/2025|0,00|1441,04|||20231217||
CA|Caisse|CA00142|20231004|621000|Personnel exterieur a l'entreprise|||CA103127|20231004|OPERATION DIVERSE 03/01/2025|1491,09|0,00|||20231009||
CA|Caisse|CA00142|20231004|427000|Personnel - Oppositions|||CA103127|20231004|OPERATION DIVERSE 03/01/2025|0,00|1491,09|||20231009||
CA|Caisse|CA00143|20230818|666000|Pertes de change|||CA083198|20230818|OPERATION DIVERSE 12/02/2025|1130,72|0,00|||20230824||
CA|Caisse|CA00143|20230818|447100|Autres impots, taxes et versements assimiles|||CA083198|20230818|OPERATION DIVERSE 12/02/2025|0,00|1130,72|||20230824||
CA|Caisse|CA00144|20230106|120000|Resultat de l'exercice|||CA011468|20230106|OPERATION DIVERSE 05/01/2025|166,18|0,00|||20230111||
CA|Caisse|CA00144|20230106|626000|Frais postaux et de telecommunications|||CA011468|20230106|OPERATION DIVERSE 05/01/2025|0,00|166,18|||20230111||
CA|Caisse|CA00145|20230505|444000|Etat - Impots sur les benefices|||CA053433|20230505|OPERATION DIVERSE 14/01/2025|887,52|0,00|||20230511||
CA|Caisse|CA00145|20230505|764000|Revenus des valeurs mobilieres de placement|||CA053433|20230505|OPERATION DIVERSE 14/01/2025|0,00|887,52|||20230511||
CA|Caisse|CA00146|20230605|486000|Charges constatees d'avance|||CA069468|20230605|OPERATION DIVERSE 11/02/2025|643,87|0,00|||20230612||
CA|Caisse|CA00146|20230605|626000|Frais postaux et de telecommunications|||CA069468|20230605|OPERATION DIVERSE 11/02/2025|0,00|643,87|||20230612||
CA|Caisse|CA00147|20230217|713000|Variation des stocks|||CA026359|20230217|OPERATION DIVERSE 24/02/2025|717,61|0,00|||20230219||
CA|Caisse|CA00147|20230218|281830|Amort. materiel de bureau|||CA026359|20230217|OPERATION DIVERSE 24/02/2025|0,00|717,61|||20230219||
CA|Caisse|CA00148|20230419|631000|Impots, taxes et versements assimiles sur remunerations|||CA047865|20230419|OPERATION DIVERSE 11/02/2025|1635,25|0,00|||20230425||
CA|Caisse|CA00148|20230419|427000|Personnel - Oppositions|||CA047865|20230419|OPERATION DIVERSE 11/02/2025|0,00|1635,25|||20230425||
CA|Caisse|CA00149|20230323|425000|Personnel - Avances et acomptes|||CA032364|20230323|OPERATION DIVERSE 12/02/2025|13,89|0,00|||20230327||
CA|Caisse|CA00149|20230323|797000|Transferts de charges exceptionnelles|||CA032364|20230323|OPERATION DIVERSE 12/02/2025|0,00|13,89|||20230327||
CA|Caisse|CA00150|20231030|447100|Autres impots, taxes et versements assimiles|||CA103132|20231030|OPERATION DIVERSE 14/02/2025|285,86|0,00|||20231030||
CA|Caisse|CA00150|20231030|635000|Autres impots, taxes et versements assimiles|||CA103132|20231030|OPERATION DIVERSE 14/02/2025|0,00|285,86|||20231030||
CA|Caisse|CA00151|20231113|707000|Ventes de marchandises|||CA115043|20231113|OPERATION DIVERSE 11/02/2025|392,08|0,00|||20231116||
CA|Caisse|CA00151|20231113|438200|Charges sociales sur conges a payer|||CA115043|20231113|OPERATION DIVERSE 11/02/2025|0,00|392,08|||20231116||
CA|Caisse|CA00152|20231018|616000|Primes d'assurance|||CA106893|20231018|OPERATION DIVERSE 21/02/2025|560,37|0,00|||20231024||
CA|Caisse|CA00152|20231018|518100|Interets courus a payer|||CA106893|20231018|OPERATION DIVERSE 21/02/2025|0,00|560,37|||20231024||
CA|Caisse|CA00153|20230318|623100|Annonces et insertions|||CA034177|20230313|OPERATION DIVERSE 11/02/2025|35,51|0,00|||20230317||
CA|Caisse|CA00153|20230313|590000|Depreciation des valeurs mobilieres de placement|||CA034177|20230313|OPERATION DIVERSE 11/02/2025|0,00|35,51|||20230317||
CA|Caisse|CA00154|20231204|101000|Capital social|||CA126432|20231204|OPERATION DIVERSE 29/01/2025|797,95|0,00|||20231205||
CA|Caisse|CA00154|20231204|590000|Depreciation des valeurs mobilieres de placement|||CA126432|20231204|OPERATION DIVERSE 29/01/2025|0,00|797,95|||20231205||
CA|Caisse|CA00155|20231017|164000|Emprunts aupres des etablissements de credit|||CA103332|20231017|OPERATION DIVERSE 01/02/2025|427,11|0,00|||20231022||
CA|Caisse|CA00155|20231017|615200|Entretien et reparations sur biens immobiliers|||CA103332|20231017|OPERATION DIVERSE 01/02/2025|0,00|427,11|||20231022||
OD|Operations diverses|OD00001|20230811|416000|Clients douteux|||OD085822|20230811|ECRITURE DE REGULARISATION 01/2025|221,86|0,00|||20230817||
OD|Operations diverses|OD00001|20230811|615600|Maintenance|||OD085822|20230811|ECRITURE DE REGULARISATION 01/2025|0,00|221,86|||20230817||
OD|Operations diverses|OD00002|20231123|686500|Dot. provisions pour risques et charges financiers|||OD113438|20231123|ECRITURE DE REGULARISATION 01/2025|442,95|0,00|||20231125||
OD|Operations diverses|OD00002|20231123|431000|Securite sociale|||OD113438|20231123|ECRITURE DE REGULARISATION 01/2025|0,00|442,95|||20231125||
OD|Operations diverses|OD00003|20230301|616000|Primes d'assurance|||OD031842|20230301|ECRITURE DE REGULARISATION 02/2025|1869,60|0,00|||20230301||
OD|Operations diverses|OD00003|20230301|403000|Fournisseurs - Effets a payer|||OD031842|20230301|ECRITURE DE REGULARISATION 02/2025|0,00|1869,60|||20230301||
OD|Operations diverses|OD00004|20231214|418100|Clients - Factures a etablir|||OD121885|20231214|ECRITURE DE REGULARISATION 01/2025|448,23|0,00|||20231215||
OD|Operations diverses|OD00004|20231214|664000|Pertes sur cessions de valeurs mobilieres de placement|||OD121885|20231214|ECRITURE DE REGULARISATION 01/2025|0,00|448,23|||20231215||
OD|Operations diverses|OD00005|20231012|765000|Escomptes obtenus|||OD103110|20231012|ECRITURE DE REGULARISATION 01/2025|184,14|0,00|||20231014||
OD|Operations diverses|OD00005|20231012|512100|Banque secondaire|||OD103110|20231012|ECRITURE DE REGULARISATION 01/2025|0,00|184,14|||20231014||
OD|Operations diverses|OD00006|20230825|791000|Transferts de charges d'exploitation|||OD083757|20230825|ECRITURE DE REGULARISATION 02/2025|1388,92|0,00|||20230826||
OD|Operations diverses|OD00006|20230825|207000|Fonds commercial|||OD083757|20230825|ECRITURE DE REGULARISATION 02/2025|0,00|1388,92|||20230826||
OD|Operations diverses|OD00007|20230602|445870|TVA sur factures a etablir|||OD069755|20230602|ECRITURE DE REGULARISATION 01/2025|150,87|0,00|||20230605||
OD|Operations diverses|OD00007|20230602|397100|Depreciation des stocks de marchandises|||OD069755|20230602|ECRITURE DE REGULARISATION 01/2025|0,00|150,87|||20230605||
OD|Operations diverses|OD00008|20231208|218100|Installations generales, agencements divers|||OD122697|20231208|ECRITURE DE REGULARISATION 02/2025|18689,65|0,00|||20231209||
OD|Operations diverses|OD00008|20231208|404000|Fournisseurs d'immobilisations|||OD122697|20231208|ECRITURE DE REGULARISATION 02/2025|0,00|18689,65|||20231209||
OD|Operations diverses|OD00009|20231019|602260|Achats d'emballages|||OD106925|20231019|ECRITURE DE REGULARISATION 02/2025|866,94|0,00|||20231025||
OD|Operations diverses|OD00009|20231019|421000|Personnel - Remunerations dues|||OD106925|20231019|ECRITURE DE REGULARISATION 02/2025|0,00|866,94|||20231025||
OD|Operations diverses|OD00010|20230919|751000|Redevances pour concessions, brevets, licences, etc.|||OD097276|20230919|ECRITURE DE REGULARISATION 01/2025|788,48|0,00|||20230922||
OD|Operations diverses|OD00010|20230919|648000|Autres charges de personnel|||OD097276|20230919|ECRITURE DE REGULARISATION 01/2025|0,00|788,48|||20230922||
OD|Operations diverses|OD00011|20230711|647000|Autres charges sociales|||OD074039|20230711|ECRITURE DE REGULARISATION 02/2025|540,86|0,00|||20230714||
OD|Operations diverses|OD00011|20230711|419100|Clients - Avances et acomptes recus|||OD074039|20230711|ECRITURE DE REGULARISATION 02/2025|0,00|540,86|||20230714||
OD|Operations diverses|OD00012|20231215|441000|Etat - Impot sur les benefices|||OD121947|20231215|ECRITURE DE REGULARISATION 01/2025|90,60|0,00|||20231215||
OD|Operations diverses|OD00012|20231215|445710|TVA collectee a payer|||OD121947|20231215|ECRITURE DE REGULARISATION 01/2025|0,00|90,60|||20231215||
OD|Operations diverses|OD00013|20231212|590000|Depreciation des valeurs mobilieres de placement|||OD124633|20231212|ECRITURE DE REGULARISATION 01/2025|230,88|0,00|||20231215||
OD|Operations diverses|OD00013|20231212|602100|Achats de matieres consommables|||OD124633|20231212|ECRITURE DE REGULARISATION 01/2025|0,00|230,88|||20231215||
OD|Operations diverses|OD00014|20230303|512000|Banque principale|||OD033508|20230303|ECRITURE DE REGULARISATION 02/2025|7800,87|0,00|||20230304||
OD|Operations diverses|OD00014|20230303|775000|Produits des cessions d'elements d'actif|||OD033508|20230303|ECRITURE DE REGULARISATION 02/2025|0,00|7800,87|||20230304||
OD|Operations diverses|OD00015|20230118|607000|Achats de marchandises|||OD019774|20230118|ECRITURE DE REGULARISATION 01/2025|1000,02|0,00|||20230118||
OD|Operations diverses|OD00015|20230118|413000|Clients - Effets a recevoir|||OD019774|20230118|ECRITURE DE REGULARISATION 01/2025|0,00|1000,02|||20230118||
OD|Operations diverses|OD00016|20230718|633000|Impots, taxes et versements assimiles sur remunerations (autres organismes)|||OD079137|20230718|ECRITURE DE REGULARISATION 02/2025|638,11|0,00|||20230721||
OD|Operations diverses|OD00016|20230718|418100|Clients - Factures a etablir|||OD079137|20230718|ECRITURE DE REGULARISATION 02/2025|0,00|638,11|||20230721||
OD|Operations diverses|OD00017|20230120|633000|Impots, taxes et versements assimiles sur remunerations (autres organismes)|||OD015009|20230120|ECRITURE DE REGULARISATION 01/2025|1961,35|0,00|||20230126||
OD|Operations diverses|OD00017|20230120|409100|Fournisseurs - Avances et acomptes verses|||OD015009|20230120|ECRITURE DE REGULARISATION 01/2025|0,00|1961,35|||20230126||
OD|Operations diverses|OD00018|20230912|623000|Publicite, publications, relations publiques|||OD099003|20230912|ECRITURE DE REGULARISATION 02/2025|158,33|0,00|||20230917||
OD|Operations diverses|OD00018|20230912|455000|Associes - Comptes courants|||OD099003|20230912|ECRITURE DE REGULARISATION 02/2025|0,00|158,33|||20230917||
OD|Operations diverses|OD00019|20231010|754000|Ristournes percues des cooperatives|||OD109616|20231010|ECRITURE DE REGULARISATION 02/2025|61,33|0,00|||20231016||
OD|Operations diverses|OD00019|20231010|777000|Quote-part des subventions d'investissement viree au resultat|||OD109616|20231010|ECRITURE DE REGULARISATION 02/2025|0,00|61,33|||20231016||
OD|Operations diverses|OD00020|20231103|781500|Reprises sur provisions pour risques et charges d'exploitation|||OD111211|20231103|ECRITURE DE REGULARISATION 01/2025|1042,97|0,00|||20231106||
OD|Operations diverses|OD00020|20231103|675000|Valeurs comptables des elements d'actif cedes|||OD111211|20231103|ECRITURE DE REGULARISATION 01/2025|0,00|1042,97|||20231106||
OD|Operations diverses|OD00021|20231205|518700|Interets courus a recevoir|||OD122699|20231205|ECRITURE DE REGULARISATION 02/2025|963,74|0,00|||20231209||
OD|Operations diverses|OD00021|20231205|648000|Autres charges de personnel|||OD122699|20231205|ECRITURE DE REGULARISATION 02/2025|0,00|963,74|||20231209||
OD|Operations diverses|OD00022|20230221|427000|Personnel - Oppositions|||OD021639|20230221|ECRITURE DE REGULARISATION 02/2025|521,11|0,00|||20230224||
OD|Operations diverses|OD00022|20230221|281820|Amort. materiel de transport|||OD021639|20230221|ECRITURE DE REGULARISATION 02/2025|0,00|521,11|||20230224||
OD|Operations diverses|OD00023|20230602|106100|Reserve legale|||OD067414|20230602|ECRITURE DE REGULARISATION 02/2025|963,59|0,00|||20230602||
OD|Operations diverses|OD00023|20230602|514000|Cheques postaux|||OD067414|20230602|ECRITURE DE REGULARISATION 02/2025|0,00|963,59|||20230602||
OD|Operations diverses|OD00024|20230717|411000|Clients|C00003|CLIENT GAMMA|OD071220|20230717|ECRITURE DE REGULARISATION 01/2025|2018,04|0,00|||20230718||
OD|Operations diverses|OD00024|20230717|707000|Ventes de marchandises|||OD071220|20230717|ECRITURE DE REGULARISATION 01/2025|0,00|2018,04|||20230718||
OD|Operations diverses|OD00025|20231116|706000|Prestations de services|||OD119524|20231116|ECRITURE DE REGULARISATION 02/2025|988,59|0,00|||20231120||
OD|Operations diverses|OD00025|20231116|518100|Interets courus a payer|||OD119524|20231116|ECRITURE DE REGULARISATION 02/2025|0,00|988,59|||20231120||
OD|Operations diverses|OD00026|20230628|628100|Concours divers (cotisations...)|||OD063626|20230628|ECRITURE DE REGULARISATION 01/2025|1740,27|0,00|||20230701||
OD|Operations diverses|OD00026|20230628|590000|Depreciation des valeurs mobilieres de placement|||OD063626|20230628|ECRITURE DE REGULARISATION 01/2025|0,00|1740,27|||20230701||
OD|Operations diverses|OD00027|20231025|151000|Provisions pour risques|||OD108027|20231025|ECRITURE DE REGULARISATION 02/2025|364,16|0,00|||20231025||
OD|Operations diverses|OD00027|20231025|781740|Reprises sur provisions sur creances|||OD108027|20231025|ECRITURE DE REGULARISATION 02/2025|0,00|364,16|||20231025||
OD|Operations diverses|OD00028|20231106|631000|Impots, taxes et versements assimiles sur remunerations|||OD114127|20231106|ECRITURE DE REGULARISATION 01/2025|1544,47|0,00|||20231109||
OD|Operations diverses|OD00028|20231106|486000|Charges constatees d'avance|||OD114127|20231106|ECRITURE DE REGULARISATION 01/2025|0,00|1544,47|||20231109||
OD|Operations diverses|OD00029|20230202|623100|Annonces et insertions|||OD023352|20230202|ECRITURE DE REGULARISATION 01/2025|1704,02|0,00|||20230207||
OD|Operations diverses|OD00029|20230202|445510|TVA a decaisser|||OD023352|20230202|ECRITURE DE REGULARISATION 01/2025|0,00|1704,02|||20230207||
OD|Operations diverses|OD00030|20230627|686500|Dot. provisions pour risques et charges financiers|||OD068186|20230627|ECRITURE DE REGULARISATION 01/2025|1158,80|0,00|||20230630||
OD|Operations diverses|OD00030|20230627|447100|Autres impots, taxes et versements assimiles|||OD068186|20230627|ECRITURE DE REGULARISATION 01/2025|0,00|1158,80|||20230630||
OD|Operations diverses|OD00031|20230831|445510|TVA a decaisser|||OD082355|20230831|ECRITURE DE REGULARISATION 01/2025|419,94|0,00|||20230907||
OD|Operations diverses|OD00031|20230831|701000|Ventes de produits finis|||OD082355|20230831|ECRITURE DE REGULARISATION 01/2025|0,00|419,94|||20230907||
OD|Operations diverses|OD00032|20230208|762000|Produits des autres immobilisations financieres|||OD023164|20230208|ECRITURE DE REGULARISATION 02/2025|1679,27|0,00|||20230208||
OD|Operations diverses|OD00032|20230208|777000|Quote-part des subventions d'investissement viree au resultat|||OD023164|20230208|ECRITURE DE REGULARISATION 02/2025|0,00|1679,27|||20230208||
OD|Operations diverses|OD00033|20230210|445670|TVA collectee|||OD025160|20230210|ECRITURE DE REGULARISATION 01/2025|924,69|0,00|||20230210||
OD|Operations diverses|OD00033|20230210|205000|Logiciels|||OD025160|20230210|ECRITURE DE REGULARISATION 01/2025|0,00|924,69|||20230210||
OD|Operations diverses|OD00034|20230113|786500|Reprises sur provisions pour risques et charges financiers|||OD013029|20230113|ECRITURE DE REGULARISATION 02/2025|952,90|0,00|||20230120||
OD|Operations diverses|OD00034|20230113|428200|Personnel - Conges payes|||OD013029|20230113|ECRITURE DE REGULARISATION 02/2025|0,00|952,90|||20230120||
OD|Operations diverses|OD00035|20230502|471000|Compte d'attente|||OD054536|20230502|ECRITURE DE REGULARISATION 02/2025|957,09|0,00|||20230506||
OD|Operations diverses|OD00035|20230502|418100|Clients - Factures a etablir|||OD054536|20230502|ECRITURE DE REGULARISATION 02/2025|0,00|957,09|||20230506||
OD|Operations diverses|OD00036|20230608|606800|Autres matieres et fournitures|||OD069112|20230608|ECRITURE DE REGULARISATION 01/2025|1560,70|0,00|||20230613||
OD|Operations diverses|OD00036|20230608|428200|Personnel - Conges payes|||OD069112|20230608|ECRITURE DE REGULARISATION 01/2025|0,00|1560,70|||20230613||
OD|Operations diverses|OD00037|20230411|487000|Produits constates d'avance|||OD046425|20230411|ECRITURE DE REGULARISATION 02/2025|955,25|0,00|||20230412||
OD|Operations diverses|OD00037|20230411|622600|Honoraires|||OD046425|20230411|ECRITURE DE REGULARISATION 02/2025|0,00|955,25|||20230412||
OD|Operations diverses|OD00038|20231027|445620|TVA deductible sur immobilisations|||OD102088|20231027|ECRITURE DE REGULARISATION 01/2025|434,29|0,00|||20231029||
OD|Operations diverses|OD00038|20231027|602260|Achats d'emballages|||OD102088|20231027|ECRITURE DE REGULARISATION 01/2025|0,00|434,29|||20231029||
OD|Operations diverses|OD00039|20230519|601000|Achats de matieres premieres|||OD056421|20230519|ECRITURE DE REGULARISATION 02/2025|1133,60|0,00|||20230521||
OD|Operations diverses|OD00039|20230519|445870|TVA sur factures a etablir|||OD056421|20230519|ECRITURE DE REGULARISATION 02/2025|0,00|1133,60|||20230521||
OD|Operations diverses|OD00040|20230612|765000|Escomptes obtenus|||OD066609|20230612|ECRITURE DE REGULARISATION 01/2025|1169,76|0,00|||20230618||
OD|Operations diverses|OD00040|20230612|766000|Gains de change|||OD066609|20230612|ECRITURE DE REGULARISATION 01/2025|0,00|1169,76|||20230618||
OD|Operations diverses|OD00041|20230721|428200|Personnel - Conges payes|||OD071463|20230721|ECRITURE DE REGULARISATION 01/2025|506,54|0,00|||20230725||
OD|Operations diverses|OD00041|20230721|671000|Charges exceptionnelles sur operations de gestion|||OD071463|20230721|ECRITURE DE REGULARISATION 01/2025|0,00|506,54|||20230725||
OD|Operations diverses|OD00042|20230509|445660|TVA deductible sur ABS|||OD052683|20230509|ECRITURE DE REGULARISATION 01/2025|269,80|0,00|||20230511||
OD|Operations diverses|OD00042|20230509|651000|Redevances pour concessions, brevets, licences, etc.|||OD052683|20230509|ECRITURE DE REGULARISATION 01/2025|0,00|269,80|||20230511||
OD|Operations diverses|OD00043|20230713|608500|Frais accessoires d'achat|||OD077230|20230713|ECRITURE DE REGULARISATION 02/2025|1939,26|0,00|||20230717||
OD|Operations diverses|OD00043|20230713|416000|Clients douteux|||OD077230|20230713|ECRITURE DE REGULARISATION 02/2025|0,00|1939,26|||20230717||
OD|Operations diverses|OD00044|20230127|681110|Dot. amort. sur immo. incorporelles|||OD013561|20230127|ECRITURE DE REGULARISATION 01/2025|686,05|0,00|||20230203||
OD|Operations diverses|OD00044|20230127|409100|Fournisseurs - Avances et acomptes verses|||OD013561|20230127|ECRITURE DE REGULARISATION 01/2025|0,00|686,05|||20230203||
OD|Operations diverses|OD00045|20230609|106100|Reserve legale|||OD068488|20230609|ECRITURE DE REGULARISATION 01/2025|819,19|0,00|||20230609||
OD|Operations diverses|OD00045|20230609|626000|Frais postaux et de telecommunications|||OD068488|20230609|ECRITURE DE REGULARISATION 01/2025|0,00|819,19|||20230609||
OD|Operations diverses|OD00046|20231024|641000|Remunerations du personnel|||OD107063|20231024|ECRITURE DE REGULARISATION 02/2025|1887,21|0,00|||20231031||
OD|Operations diverses|OD00046|20231024|445870|TVA sur factures a etablir|||OD107063|20231024|ECRITURE DE REGULARISATION 02/2025|0,00|1887,21|||20231031||
OD|Operations diverses|OD00047|20230316|311000|Matieres premieres|||OD037276|20230316|ECRITURE DE REGULARISATION 02/2025|341,73|0,00|||20230320||
OD|Operations diverses|OD00047|20230316|218100|Installations generales, agencements divers|||OD037276|20230316|ECRITURE DE REGULARISATION 02/2025|0,00|341,73|||20230320||
OD|Operations diverses|OD00048|20230308|371000|Stock de marchandises|||OD034708|20230308|ECRITURE DE REGULARISATION 01/2025|592,23|0,00|||20230313||
OD|Operations diverses|OD00048|20230308|511000|Valeurs a l'encaissement|||OD034708|20230308|ECRITURE DE REGULARISATION 01/2025|0,00|592,23|||20230313||
OD|Operations diverses|OD00049|20231204|622600|Honoraires|||OD121580|20231204|ECRITURE DE REGULARISATION 02/2025|815,06|0,00|||20231210||
OD|Operations diverses|OD00049|20231204|467000|Autres comptes debiteurs ou crediteurs|||OD121580|20231204|ECRITURE DE REGULARISATION 02/2025|0,00|815,06|||20231210||
OD|Operations diverses|OD00050|20230420|213100|Constructions - Batiments|||OD041416|20230420|ECRITURE DE REGULARISATION 01/2025|3543,84|0,00|||20230420||
OD|Operations diverses|OD00050|20230420|512000|Banque principale|||OD041416|20230420|ECRITURE DE REGULARISATION 01/2025|0,00|3543,84|||20230420||
OD|Operations diverses|OD00051|20230310|765000|Escomptes obtenus|||OD034414|20230310|ECRITURE DE REGULARISATION 01/2025|1994,88|0,00|||20230311||
OD|Operations diverses|OD00051|20230310|371000|Stock de marchandises|||OD034414|20230310|ECRITURE DE REGULARISATION 01/2025|0,00|1994,88|||20230311||
OD|Operations diverses|OD00052|20230109|633000|Impots, taxes et versements assimiles sur remunerations (autres organismes)|||OD018898|20230109|ECRITURE DE REGULARISATION 02/2025|1522,26|0,00|||20230112||
OD|Operations diverses|OD00052|20230109|486000|Charges constatees d'avance|||OD018898|20230109|ECRITURE DE REGULARISATION 02/2025|0,00|1522,26|||20230112||
OD|Operations diverses|OD00053|20230619|602260|Achats d'emballages|||OD062015|20230619|ECRITURE DE REGULARISATION 02/2025|261,72|0,00|||20230619||
OD|Operations diverses|OD00053|20230619|508000|Interets courus sur VMP|||OD062015|20230619|ECRITURE DE REGULARISATION 02/2025|0,00|261,72|||20230619||
OD|Operations diverses|OD00054|20230302|613200|Locations immobilieres|||OD038168|20230302|ECRITURE DE REGULARISATION 01/2025|1248,31|0,00|||20230303||
OD|Operations diverses|OD00054|20230302|445660|TVA deductible sur ABS|||OD038168|20230302|ECRITURE DE REGULARISATION 01/2025|0,00|1248,31|||20230303||
OD|Operations diverses|OD00055|20230526|215400|Materiel industriel|||OD059778|20230526|ECRITURE DE REGULARISATION 01/2025|16258,42|0,00|||20230530||
OD|Operations diverses|OD00055|20230526|512000|Banque principale|||OD059778|20230526|ECRITURE DE REGULARISATION 01/2025|0,00|16258,42|||20230530||
OD|Operations diverses|OD00056|20230103|686500|Dot. provisions pour risques et charges financiers|||OD011920|20230103|ECRITURE DE REGULARISATION 01/2025|1642,86|0,00|||20230105||
OD|Operations diverses|OD00056|20230103|411000|Clients|C00008|CLIENT THETA|OD011920|20230103|ECRITURE DE REGULARISATION 01/2025|0,00|1642,86|Q8|20231223|20230105||
OD|Operations diverses|OD00057|20230621|281840|Amort. mobilier|||OD066859|20230621|ECRITURE DE REGULARISATION 02/2025|13768,22|0,00|||20230621||
OD|Operations diverses|OD00057|20230621|404000|Fournisseurs d'immobilisations|||OD066859|20230621|ECRITURE DE REGULARISATION 02/2025|0,00|13768,22|||20230621||
OD|Operations diverses|OD00058|20230913|641000|Remunerations du personnel|||OD097675|20230913|ECRITURE DE REGULARISATION 01/2025|1080,37|0,00|||20230917||
OD|Operations diverses|OD00058|20230913|467000|Autres comptes debiteurs ou crediteurs|||OD097675|20230913|ECRITURE DE REGULARISATION 01/2025|0,00|1080,37|||20230917||
OD|Operations diverses|OD00059|20230818|500000|Valeurs mobilieres de placement|||OD082523|20230818|ECRITURE DE REGULARISATION 02/2025|287,33|0,00|||20230821||
OD|Operations diverses|OD00059|20230818|441000|Etat - Impot sur les benefices|||OD082523|20230818|ECRITURE DE REGULARISATION 02/2025|0,00|287,33|||20230821||
OD|Operations diverses|OD00060|20230308|455000|Associes - Comptes courants|||OD035268|20230308|ECRITURE DE REGULARISATION 02/2025|846,36|0,00|||20230308||
OD|Operations diverses|OD00060|20230308|164000|Emprunts aupres des etablissements de credit|||OD035268|20230308|ECRITURE DE REGULARISATION 02/2025|0,00|846,36|||20230308||
OD|Operations diverses|OD00061|20230714|517000|Autres organismes financiers|||OD071231|20230714|ECRITURE DE REGULARISATION 02/2025|229,50|0,00|||20230718||
OD|Operations diverses|OD00061|20230714|371000|Stock de marchandises|||OD071231|20230714|ECRITURE DE REGULARISATION 02/2025|0,00|229,50|||20230718||
OD|Operations diverses|OD00062|20230130|791000|Transferts de charges d'exploitation|||OD018060|20230130|ECRITURE DE REGULARISATION 01/2025|1967,20|0,00|||20230205||
OD|Operations diverses|OD00062|20230130|468600|Charges a payer|||OD018060|20230130|ECRITURE DE REGULARISATION 01/2025|0,00|1967,20|||20230205||
OD|Operations diverses|OD00063|20230929|218400|Mobilier|||OD094778|20230929|ECRITURE DE REGULARISATION 02/2025|13392,80|0,00|||20231004||
OD|Operations diverses|OD00063|20230930|404000|Fournisseurs d'immobilisations|||OD094778|20230929|ECRITURE DE REGULARISATION 02/2025|0,00|13392,80|||20231004||
OD|Operations diverses|OD00064|20231213|437000|Autres organismes sociaux|||OD122442|20231213|ECRITURE DE REGULARISATION 02/2025|969,99|0,00|||20231216||
OD|Operations diverses|OD00064|20231213|763000|Revenus des autres creances|||OD122442|20231213|ECRITURE DE REGULARISATION 02/2025|0,00|969,99|||20231216||
OD|Operations diverses|OD00065|20230220|661000|Charges d'interets|||OD023190|20230220|ECRITURE DE REGULARISATION 02/2025|1159,68|0,00|||20230223||
OD|Operations diverses|OD00065|20230220|401000|Fournisseurs|F00010|ELECTRICITE DE FRANCE|OD023190|20230220|ECRITURE DE REGULARISATION 02/2025|0,00|1159,68|||20230223||
OD|Operations diverses|OD00066|20230915|215400|Materiel industriel|||OD091781|20230915|ECRITURE DE REGULARISATION 01/2025|3232,18|0,00|||20230916||
OD|Operations diverses|OD00066|20230915|404000|Fournisseurs d'immobilisations|||OD091781|20230915|ECRITURE DE REGULARISATION 01/2025|0,00|3232,18|||20230916||
OD|Operations diverses|OD00067|20231017|231000|Immobilisations corporelles en cours|||OD105361|20231017|ECRITURE DE REGULARISATION 01/2025|8653,25|0,00|||20231020||
OD|Operations diverses|OD00067|20231017|512000|Banque principale|||OD105361|20231017|ECRITURE DE REGULARISATION 01/2025|0,00|8653,25|||20231020||
OD|Operations diverses|OD00068|20230406|648000|Autres charges de personnel|||OD043378|20230406|ECRITURE DE REGULARISATION 01/2025|477,31|0,00|||20230412||
OD|Operations diverses|OD00068|20230406|445860|TVA sur factures non parvenues|||OD043378|20230406|ECRITURE DE REGULARISATION 01/2025|0,00|477,31|||20230412||
OD|Operations diverses|OD00069|20230511|709000|Rabais, remises et ristournes accordes|||OD059798|20230511|ECRITURE DE REGULARISATION 01/2025|12,17|0,00|||20230517||
OD|Operations diverses|OD00069|20230511|687000|Dot. amort. et provisions exceptionnels|||OD059798|20230511|ECRITURE DE REGULARISATION 01/2025|0,00|12,17|||20230517||
OD|Operations diverses|OD00070|20230104|675000|Valeurs comptables des elements d'actif cedes|||OD019657|20230104|ECRITURE DE REGULARISATION 02/2025|98,29|0,00|||20230111||
OD|Operations diverses|OD00070|20230104|445620|TVA deductible sur immobilisations|||OD019657|20230104|ECRITURE DE REGULARISATION 02/2025|0,00|98,29|||20230111||
OD|Operations diverses|OD00071|20230419|618100|Documentation generale|||OD042051|20230419|ECRITURE DE REGULARISATION 02/2025|1658,83|0,00|||20230420||
OD|Operations diverses|OD00071|20230419|487000|Produits constates d'avance|||OD042051|20230419|ECRITURE DE REGULARISATION 02/2025|0,00|1658,83|||20230420||
OD|Operations diverses|OD00072|20230116|618500|Frais de colloques, seminaires, conferences|||OD017153|20230116|ECRITURE DE REGULARISATION 02/2025|1933,76|0,00|||20230119||
OD|Operations diverses|OD00072|20230116|455000|Associes - Comptes courants|||OD017153|20230116|ECRITURE DE REGULARISATION 02/2025|0,00|1933,76|||20230119||
OD|Operations diverses|OD00073|20231107|211000|Terrains|||OD111051|20231107|ECRITURE DE REGULARISATION 01/2025|18040,54|0,00|||20231109||
OD|Operations diverses|OD00073|20231107|404000|Fournisseurs d'immobilisations|||OD111051|20231107|ECRITURE DE REGULARISATION 01/2025|0,00|18040,54|||20231109||
OD|Operations diverses|OD00074|20230208|518100|Interets courus a payer|||OD029247|20230208|ECRITURE DE REGULARISATION 02/2025|660,98|0,00|||20230210||
OD|Operations diverses|OD00074|20230208|428200|Personnel - Conges payes|||OD029247|20230208|ECRITURE DE REGULARISATION 02/2025|0,00|660,98|||20230210||
OD|Operations diverses|OD00075|20230307|281810|Amort. installations generales|||OD037051|20230307|ECRITURE DE REGULARISATION 02/2025|16142,71|0,00|||20230309||
OD|Operations diverses|OD00075|20230307|512000|Banque principale|||OD037051|20230307|ECRITURE DE REGULARISATION 02/2025|0,00|16142,71|||20230309||
OD|Operations diverses|OD00076|20230711|796000|Transferts de charges financieres|||OD076547|20230711|ECRITURE DE REGULARISATION 02/2025|370,74|0,00|||20230718||
OD|Operations diverses|OD00076|20230711|500000|Valeurs mobilieres de placement|||OD076547|20230711|ECRITURE DE REGULARISATION 02/2025|0,00|370,74|||20230718||
OD|Operations diverses|OD00077|20230213|606800|Autres matieres et fournitures|||OD026915|20230213|ECRITURE DE REGULARISATION 01/2025|1690,34|0,00|||20230217||
OD|Operations diverses|OD00077|20230213|447100|Autres impots, taxes et versements assimiles|||OD026915|20230213|ECRITURE DE REGULARISATION 01/2025|0,00|1690,34|||20230217||
OD|Operations diverses|OD00078|20230505|281540|Amort. materiel industriel|||OD053390|20230505|ECRITURE DE REGULARISATION 02/2025|8018,72|0,00|||20230508||
OD|Operations diverses|OD00078|20230505|512100|Banque secondaire|||OD053390|20230505|ECRITURE DE REGULARISATION 02/2025|0,00|8018,72|||20230508||
OD|Operations diverses|OD00079|20230913|445670|TVA collectee|||OD096287|20230913|ECRITURE DE REGULARISATION 02/2025|392,94|0,00|||20230914||
OD|Operations diverses|OD00079|20230913|606100|Electricite, gaz, eau|||OD096287|20230913|ECRITURE DE REGULARISATION 02/2025|0,00|392,94|||20230914||
OD|Operations diverses|OD00080|20230127|681110|Dot. amort. sur immo. incorporelles|||OD017195|20230127|ECRITURE DE REGULARISATION 02/2025|723,21|0,00|||20230127||
OD|Operations diverses|OD00080|20230127|471000|Compte d'attente|||OD017195|20230127|ECRITURE DE REGULARISATION 02/2025|0,00|723,21|||20230127||
OD|Operations diverses|OD00081|20230518|215400|Materiel industriel|||OD057216|20230518|ECRITURE DE REGULARISATION 02/2025|19193,71|0,00|||20230518||
OD|Operations diverses|OD00081|20230518|404000|Fournisseurs d'immobilisations|||OD057216|20230518|ECRITURE DE REGULARISATION 02/2025|0,00|19193,71|||20230518||
OD|Operations diverses|OD00082|20231113|438200|Charges sociales sur conges a payer|||OD112939|20231113|ECRITURE DE REGULARISATION 01/2025|726,09|0,00|||20231116||
OD|Operations diverses|OD00082|20231113|608500|Frais accessoires d'achat|||OD112939|20231113|ECRITURE DE REGULARISATION 01/2025|0,00|726,09|||20231116||
OD|Operations diverses|OD00083|20230920|625700|Receptions|||OD095201|20230920|ECRITURE DE REGULARISATION 01/2025|1923,48|0,00|||20230920||
OD|Operations diverses|OD00083|20230920|445860|TVA sur factures non parvenues|||OD095201|20230920|ECRITURE DE REGULARISATION 01/2025|0,00|1923,48|||20230920||
OD|Operations diverses|OD00084|20230607|205000|Logiciels|||OD068056|20230607|ECRITURE DE REGULARISATION 01/2025|4916,41|0,00|||20230611||
OD|Operations diverses|OD00084|20230607|512000|Banque principale|||OD068056|20230607|ECRITURE DE REGULARISATION 01/2025|0,00|4916,41|||20230611||
OD|Operations diverses|OD00085|20230714|625700|Receptions|||OD078834|20230714|ECRITURE DE REGULARISATION 01/2025|730,23|0,00|||20230714||
OD|Operations diverses|OD00085|20230714|425000|Personnel - Avances et acomptes|||OD078834|20230714|ECRITURE DE REGULARISATION 01/2025|0,00|730,23|||20230714||
OD|Operations diverses|OD00086|20230623|445870|TVA sur factures a etablir|||OD066437|20230623|ECRITURE DE REGULARISATION 02/2025|274,28|0,00|||20230629||
OD|Operations diverses|OD00086|20230623|681110|Dot. amort. sur immo. incorporelles|||OD066437|20230623|ECRITURE DE REGULARISATION 02/2025|0,00|274,28|||20230629||
OD|Operations diverses|OD00087|20230726|416000|Clients douteux|||OD071089|20230726|ECRITURE DE REGULARISATION 02/2025|559,22|0,00|||20230731||
OD|Operations diverses|OD00087|20230726|427000|Personnel - Oppositions|||OD071089|20230726|ECRITURE DE REGULARISATION 02/2025|0,00|559,22|||20230731||
OD|Operations diverses|OD00088|20230728|623100|Annonces et insertions|||OD073559|20230728|ECRITURE DE REGULARISATION 02/2025|1913,91|0,00|||20230728||
OD|Operations diverses|OD00088|20230728|451000|Groupe|||OD073559|20230728|ECRITURE DE REGULARISATION 02/2025|0,00|1913,91|||20230728||
OD|Operations diverses|OD00089|20231218|613200|Locations immobilieres|||OD127440|20231218|ECRITURE DE REGULARISATION 01/2025|915,05|0,00|||20231224||
OD|Operations diverses|OD00089|20231218|468600|Charges a payer|||OD127440|20231218|ECRITURE DE REGULARISATION 01/2025|0,00|915,05|||20231224||
OD|Operations diverses|OD00090|20231222|281820|Amort. materiel de transport|||OD127442|20231222|ECRITURE DE REGULARISATION 01/2025|1346,55|0,00|||20231225||
OD|Operations diverses|OD00090|20231222|404000|Fournisseurs d'immobilisations|||OD127442|20231222|ECRITURE DE REGULARISATION 01/2025|0,00|1346,55|||20231225||
OD|Operations diverses|OD00091|20230718|409100|Fournisseurs - Avances et acomptes verses|||OD071890|20230718|ECRITURE DE REGULARISATION 01/2025|990,67|0,00|||20230723||
OD|Operations diverses|OD00091|20230718|625600|Missions|||OD071890|20230718|ECRITURE DE REGULARISATION 01/2025|0,00|990,67|||20230723||
OD|Operations diverses|OD00092|20230428|658000|Charges diverses de gestion courante|||OD042508|20230428|ECRITURE DE REGULARISATION 02/2025|1510,68|0,00|||20230501||
OD|Operations diverses|OD00092|20230428|491000|Depreciation des comptes clients|||OD042508|20230428|ECRITURE DE REGULARISATION 02/2025|0,00|1510,68|||20230501||
OD|Operations diverses|OD00093|20231013|445710|TVA collectee a payer|||OD103744|20231013|ECRITURE DE REGULARISATION 01/2025|315,28|0,00|||20231016||
OD|Operations diverses|OD00093|20231014|471000|Compte d'attente|||OD103744|20231013|ECRITURE DE REGULARISATION 01/2025|0,00|315,28|||20231016||
OD|Operations diverses|OD00094|20230615|403000|Fournisseurs - Effets a payer|||OD068264|20230615|ECRITURE DE REGULARISATION 01/2025|853,58|0,00|||20230615||
OD|Operations diverses|OD00094|20230615|775000|Produits des cessions d'elements d'actif|||OD068264|20230615|ECRITURE DE REGULARISATION 01/2025|0,00|853,58|||20230615||
OD|Operations diverses|OD00095|20230516|618500|Frais de colloques, seminaires, conferences|||OD057396|20230516|ECRITURE DE REGULARISATION 01/2025|1248,32|0,00|||20230517||
OD|Operations diverses|OD00095|20230516|508000|Interets courus sur VMP|||OD057396|20230516|ECRITURE DE REGULARISATION 01/2025|0,00|1248,32|||20230517||
OD|Operations diverses|OD00096|20230714|403000|Fournisseurs - Effets a payer|||OD075084|20230714|ECRITURE DE REGULARISATION 01/2025|771,77|0,00|||20230719||
OD|Operations diverses|OD00096|20230714|518700|Interets courus a recevoir|||OD075084|20230714|ECRITURE DE REGULARISATION 01/2025|0,00|771,77|||20230719||
OD|Operations diverses|OD00097|20231106|615200|Entretien et reparations sur biens immobiliers|||OD113556|20231106|ECRITURE DE REGULARISATION 01/2025|1317,58|0,00|||20231107||
OD|Operations diverses|OD00097|20231106|408400|Fournisseurs d'immobilisations - Factures non parvenues|||OD113556|20231106|ECRITURE DE REGULARISATION 01/2025|0,00|1317,58|||20231107||
OD|Operations diverses|OD00098|20230113|468600|Charges a payer|||OD012417|20230113|ECRITURE DE REGULARISATION 02/2025|82,21|0,00|||20230120||
OD|Operations diverses|OD00098|20230113|281840|Amort. mobilier|||OD012417|20230113|ECRITURE DE REGULARISATION 02/2025|0,00|82,21|||20230120||
OD|Operations diverses|OD00099|20230428|281310|Amort. batiments|||OD041151|20230428|ECRITURE DE REGULARISATION 01/2025|7593,29|0,00|||20230428||
OD|Operations diverses|OD00099|20230428|512100|Banque secondaire|||OD041151|20230428|ECRITURE DE REGULARISATION 01/2025|0,00|7593,29|||20230428||
OD|Operations diverses|OD00100|20230630|203000|Frais de recherche et developpement|||OD065124|20230630|ECRITURE DE REGULARISATION 01/2025|13019,39|0,00|||20230701||
OD|Operations diverses|OD00100|20230630|512100|Banque secondaire|||OD065124|20230630|ECRITURE DE REGULARISATION 01/2025|0,00|13019,39|||20230701||
OD|Operations diverses|OD00101|20231013|622600|Honoraires|||OD106329|20231013|ECRITURE DE REGULARISATION 02/2025|587,52|0,00|||20231015||
OD|Operations diverses|OD00101|20231013|408400|Fournisseurs d'immobilisations - Factures non parvenues|||OD106329|20231013|ECRITURE DE REGULARISATION 02/2025|0,00|587,52|||20231015||
OD|Operations diverses|OD00102|20230331|428200|Personnel - Conges payes|||OD036150|20230331|ECRITURE DE REGULARISATION 01/2025|839,03|0,00|||20230404||
OD|Operations diverses|OD00102|20230331|411000|Clients|C00007|CLIENT ETA|OD036150|20230331|ECRITURE DE REGULARISATION 01/2025|0,00|839,03|||20230404||
OD|Operations diverses|OD00103|20230921|762000|Produits des autres immobilisations financieres|||OD098201|20230921|ECRITURE DE REGULARISATION 01/2025|176,74|0,00|||20230925||
OD|Operations diverses|OD00103|20230921|608500|Frais accessoires d'achat|||OD098201|20230921|ECRITURE DE REGULARISATION 01/2025|0,00|176,74|||20230925||
OD|Operations diverses|OD00104|20230307|797000|Transferts de charges exceptionnelles|||OD037637|20230307|ECRITURE DE REGULARISATION 01/2025|1585,77|0,00|||20230310||
OD|Operations diverses|OD00104|20230307|628100|Concours divers (cotisations...)|||OD037637|20230307|ECRITURE DE REGULARISATION 01/2025|0,00|1585,77|||20230310||
OD|Operations diverses|OD00105|20230303|467000|Autres comptes debiteurs ou crediteurs|||OD032482|20230303|ECRITURE DE REGULARISATION 01/2025|252,27|0,00|||20230305||
OD|Operations diverses|OD00105|20230303|608500|Frais accessoires d'achat|||OD032482|20230303|ECRITURE DE REGULARISATION 01/2025|0,00|252,27|||20230305||
OD|Operations diverses|OD00106|20230817|658000|Charges diverses de gestion courante|||OD088978|20230817|ECRITURE DE REGULARISATION 02/2025|1621,84|0,00|||20230819||
OD|Operations diverses|OD00106|20230817|487000|Produits constates d'avance|||OD088978|20230817|ECRITURE DE REGULARISATION 02/2025|0,00|1621,84|||20230819||
OD|Operations diverses|OD00107|20231011|623100|Annonces et insertions|||OD102307|20231011|ECRITURE DE REGULARISATION 02/2025|1385,96|0,00|||20231011||
OD|Operations diverses|OD00107|20231011|419100|Clients - Avances et acomptes recus|||OD102307|20231011|ECRITURE DE REGULARISATION 02/2025|0,00|1385,96|||20231011||
OD|Operations diverses|OD00108|20230307|580000|Virements internes|||OD034172|20230307|ECRITURE DE REGULARISATION 02/2025|200,37|0,00|||20230307||
OD|Operations diverses|OD00108|20230307|666000|Pertes de change|||OD034172|20230307|ECRITURE DE REGULARISATION 02/2025|0,00|200,37|||20230307||
OD|Operations diverses|OD00109|20230111|518100|Interets courus a payer|||OD018336|20230111|ECRITURE DE REGULARISATION 01/2025|539,47|0,00|||20230113||
OD|Operations diverses|OD00109|20230111|164000|Emprunts aupres des etablissements de credit|||OD018336|20230111|ECRITURE DE REGULARISATION 01/2025|0,00|539,47|||20230113||
OD|Operations diverses|OD00110|20230324|403000|Fournisseurs - Effets a payer|||OD036690|20230324|ECRITURE DE REGULARISATION 01/2025|409,16|0,00|||20230325||
OD|Operations diverses|OD00110|20230324|797000|Transferts de charges exceptionnelles|||OD036690|20230324|ECRITURE DE REGULARISATION 01/2025|0,00|409,16|||20230325||
OD|Operations diverses|OD00111|20221230|445860|TVA sur factures non parvenues|||OD126291|20221230|ECRITURE DE REGULARISATION 01/2025|99,32|0,00|||20230106||
OD|Operations diverses|OD00111|20221230|419100|Clients - Avances et acomptes recus|||OD126291|20221230|ECRITURE DE REGULARISATION 01/2025|0,00|99,32|||20230106||
OD|Operations diverses|OD00112|20230322|486000|Charges constatees d'avance|||OD038972|20230322|ECRITURE DE REGULARISATION 01/2025|362,78|0,00|||20230325||
OD|Operations diverses|OD00112|20230322|626000|Frais postaux et de telecommunications|||OD038972|20230322|ECRITURE DE REGULARISATION 01/2025|0,00|362,78|||20230325||
OD|Operations diverses|OD00113|20231215|766000|Gains de change|||OD125825|20231215|ECRITURE DE REGULARISATION 01/2025|981,04|0,00|||20231221||
OD|Operations diverses|OD00113|20231215|615200|Entretien et reparations sur biens immobiliers|||OD125825|20231215|ECRITURE DE REGULARISATION 01/2025|0,00|981,04|||20231221||
OD|Operations diverses|OD00114|20230609|602200|Achats de fournitures consommables|||OD062436|20230609|ECRITURE DE REGULARISATION 02/2025|1350,15|0,00|||20230612||
OD|Operations diverses|OD00114|20230609|468600|Charges a payer|||OD062436|20230609|ECRITURE DE REGULARISATION 02/2025|0,00|1350,15|||20230612||
OD|Operations diverses|OD00115|20231229|281540|Amort. materiel industriel|||OD124146|20231229|ECRITURE DE REGULARISATION 01/2025|12573,63|0,00|||20231229||
OD|Operations diverses|OD00115|20231229|404000|Fournisseurs d'immobilisations|||OD124146|20231229|ECRITURE DE REGULARISATION 01/2025|0,00|12573,63|||20231229||
OD|Operations diverses|OD00116|20230714|763000|Revenus des autres creances|||OD076445|20230714|ECRITURE DE REGULARISATION 01/2025|1505,48|0,00|||20230721||
OD|Operations diverses|OD00116|20230714|508000|Interets courus sur VMP|||OD076445|20230714|ECRITURE DE REGULARISATION 01/2025|0,00|1505,48|||20230721||
OD|Operations diverses|OD00117|20230201|623100|Annonces et insertions|||OD028684|20230201|ECRITURE DE REGULARISATION 01/2025|1483,79|0,00|||20230208||
OD|Operations diverses|OD00117|20230201|445620|TVA deductible sur immobilisations|||OD028684|20230201|ECRITURE DE REGULARISATION 01/2025|0,00|1483,79|||20230208||
OD|Operations diverses|OD00118|20231020|623100|Annonces et insertions|||OD109159|20231020|ECRITURE DE REGULARISATION 01/2025|129,20|0,00|||20231020||
OD|Operations diverses|OD00118|20231020|427000|Personnel - Oppositions|||OD109159|20231020|ECRITURE DE REGULARISATION 01/2025|0,00|129,20|||20231020||
OD|Operations diverses|OD00119|20230922|467000|Autres comptes debiteurs ou crediteurs|||OD097915|20230922|ECRITURE DE REGULARISATION 02/2025|205,30|0,00|||20230925||
OD|Operations diverses|OD00119|20230922|512100|Banque secondaire|||OD097915|20230922|ECRITURE DE REGULARISATION 02/2025|0,00|205,30|||20230925||
OD|Operations diverses|OD00120|20230220|764000|Revenus des valeurs mobilieres de placement|||OD028355|20230220|ECRITURE DE REGULARISATION 02/2025|1784,34|0,00|||20230226||
OD|Operations diverses|OD00120|20230220|431000|Securite sociale|||OD028355|20230220|ECRITURE DE REGULARISATION 02/2025|0,00|1784,34|||20230226||
OD|Operations diverses|OD00121|20230724|713000|Variation des stocks|||OD076839|20230724|ECRITURE DE REGULARISATION 02/2025|653,25|0,00|||20230730||
OD|Operations diverses|OD00121|20230724|645000|Charges de securite sociale et de prevoyance|||OD076839|20230724|ECRITURE DE REGULARISATION 02/2025|0,00|653,25|||20230730||
OD|Operations diverses|OD00122|20230428|350000|Produits finis|||BQ125500|20230428|ECRITURE DE REGULARISATION 01/2025|866,89|0,00|||20230503||
OD|Operations diverses|OD00122|20230428|628100|Concours divers (cotisations...)|||OD045209|20230428|ECRITURE DE REGULARISATION 01/2025|0,00|866,89|||20230503||
OD|Operations diverses|OD00123|20230102|106100|Reserve legale|||OD013939|20230102|ECRITURE DE REGULARISATION 02/2025|377,57|0,00|||20230102||
OD|Operations diverses|OD00123|20230102|218300|Materiel de bureau et informatique|||OD013939|20230102|ECRITURE DE REGULARISATION 02/2025|0,00|377,57|||20230102||
OD|Operations diverses|OD00124|20230313|580000|Virements internes|||OD034779|20230313|ECRITURE DE REGULARISATION 01/2025|56,40|0,00|||20230313||
OD|Operations diverses|OD00124|20230313|444000|Etat - Impots sur les benefices|||OD034779|20230313|ECRITURE DE REGULARISATION 01/2025|0,00|56,40|||20230313||
OD|Operations diverses|OD00125|20230123|681110|Dot. amort. sur immo. incorporelles|||OD015951|20230123|ECRITURE DE REGULARISATION 01/2025|1215,99|0,00|||20230127||
OD|Operations diverses|OD00125|20230123|425000|Personnel - Avances et acomptes|||OD015951|20230123|ECRITURE DE REGULARISATION 01/2025|0,00|1215,99|||20230127||
OD|Operations diverses|OD00126|20231023|427000|Personnel - Oppositions|||OD107336|20231023|ECRITURE DE REGULARISATION 02/2025|836,87|0,00|||20231026||
OD|Operations diverses|OD00126|20231023|403000|Fournisseurs - Effets a payer|||OD107336|20231023|ECRITURE DE REGULARISATION 02/2025|0,00|836,87|||20231026||
OD|Operations diverses|OD00127|20230331|280500|Amort. logiciels|||OD037295|20230331|ECRITURE DE REGULARISATION 02/2025|8249,98|0,00|||20230401||
OD|Operations diverses|OD00127|20230331|512100|Banque secondaire|||OD037295|20230331|ECRITURE DE REGULARISATION 02/2025|0,00|8249,98|||20230401||
OD|Operations diverses|OD00128|20230703|280500|Amort. logiciels|||OD079228|20230703|ECRITURE DE REGULARISATION 02/2025|15654,44|0,00|||20230705||
OD|Operations diverses|OD00128|20230703|512100|Banque secondaire|||OD079228|20230703|ECRITURE DE REGULARISATION 02/2025|0,00|15654,44|||20230705||
OD|Operations diverses|OD00129|20230602|666000|Pertes de change|||OD067509|20230602|ECRITURE DE REGULARISATION 02/2025|1816,17|0,00|||20230606||
OD|Operations diverses|OD00129|20230602|444000|Etat - Impots sur les benefices|||OD067509|20230602|ECRITURE DE REGULARISATION 02/2025|0,00|1816,17|||20230606||
OD|Operations diverses|OD00130|20231020|518100|Interets courus a payer|||OD107456|20231020|ECRITURE DE REGULARISATION 02/2025|344,37|0,00|||20231024||
OD|Operations diverses|OD00130|20231020|444000|Etat - Impots sur les benefices|||OD107456|20231020|ECRITURE DE REGULARISATION 02/2025|0,00|344,37|||20231024||
OD|Operations diverses|OD00131|20230420|631000|Impots, taxes et versements assimiles sur remunerations|||OD046475|20230420|ECRITURE DE REGULARISATION 01/2025|1993,30|0,00|||20230424||
OD|Operations diverses|OD00131|20230420|438200|Charges sociales sur conges a payer|||OD046475|20230420|ECRITURE DE REGULARISATION 01/2025|0,00|1993,30|||20230424||
OD|Operations diverses|OD00132|20230927|612000|Redevances de credit-bail|||OD092649|20230927|ECRITURE DE REGULARISATION 01/2025|1864,12|0,00|||20230930||
OD|Operations diverses|OD00132|20230927|413000|Clients - Effets a recevoir|||OD092649|20230927|ECRITURE DE REGULARISATION 01/2025|0,00|1864,12|||20230930||
OD|Operations diverses|OD00133|20230503|218100|Installations generales, agencements divers|||OD051404|20230503|ECRITURE DE REGULARISATION 01/2025|5145,30|0,00|||20230507||
OD|Operations diverses|OD00133|20230503|404000|Fournisseurs d'immobilisations|||OD051404|20230503|ECRITURE DE REGULARISATION 01/2025|0,00|5145,30|||20230507||
OD|Operations diverses|OD00134|20231014|518100|Interets courus a payer|||OD104618|20231013|ECRITURE DE REGULARISATION 01/2025|494,26|0,00|||20231017||
OD|Operations diverses|OD00134|20231013|608500|Frais accessoires d'achat|||OD104618|20231013|ECRITURE DE REGULARISATION 01/2025|0,00|494,26|||20231017||
OD|Operations diverses|OD00135|20230505|681740|Dot. provisions sur creances|||OD056925|20230505|ECRITURE DE REGULARISATION 01/2025|729,31|0,00|||20230509||
OD|Operations diverses|OD00135|20230505|491000|Depreciation des comptes clients|||OD056925|20230505|ECRITURE DE REGULARISATION 01/2025|0,00|729,31|||20230509||
OD|Operations diverses|OD00136|20230202|698000|Integration fiscale - Charges|||OD024132|20230202|ECRITURE DE REGULARISATION 02/2025|296,07|0,00|||20230209||
OD|Operations diverses|OD00136|20230202|445510|TVA a decaisser|||OD024132|20230202|ECRITURE DE REGULARISATION 02/2025|0,00|296,07|||20230209||
OD|Operations diverses|OD00137|20230602|427000|Personnel - Oppositions|||OD063994|20230602|ECRITURE DE REGULARISATION 01/2025|181,21|0,00|||20230603||
OD|Operations diverses|OD00137|20230602|120000|Resultat de l'exercice|||OD063994|20230602|ECRITURE DE REGULARISATION 01/2025|0,00|181,21|||20230603||
OD|Operations diverses|OD00138|20230203|447100|Autres impots, taxes et versements assimiles|||OD023957|20230203|ECRITURE DE REGULARISATION 01/2025|155,95|0,00|||20230210||
OD|Operations diverses|OD00138|20230203|451000|Groupe|||OD023957|20230203|ECRITURE DE REGULARISATION 01/2025|0,00|155,95|||20230210||
OD|Operations diverses|OD00139|20230403|213500|Installations generales, agencements|||OD046526|20230403|ECRITURE DE REGULARISATION 01/2025|4589,99|0,00|||20230404||
OD|Operations diverses|OD00139|20230403|512000|Banque principale|||OD046526|20230403|ECRITURE DE REGULARISATION 01/2025|0,00|4589,99|||20230404||
OD|Operations diverses|OD00140|20230726|713000|Variation des stocks|||OD077469|20230726|ECRITURE DE REGULARISATION 02/2025|1762,05|0,00|||20230727||
OD|Operations diverses|OD00140|20230726|797000|Transferts de charges exceptionnelles|||OD077469|20230726|ECRITURE DE REGULARISATION 02/2025|0,00|1762,05|||20230727||
OD|Operations diverses|OD00141|20230320|281810|Amort. installations generales|||OD034165|20230320|ECRITURE DE REGULARISATION 02/2025|19015,02|0,00|||20230320||
OD|Operations diverses|OD00141|20230320|404000|Fournisseurs d'immobilisations|||OD034165|20230320|ECRITURE DE REGULARISATION 02/2025|0,00|19015,02|||20230320||
OD|Operations diverses|OD00142|20231129|218300|Materiel de bureau et informatique|||OD114315|20231129|ECRITURE DE REGULARISATION 01/2025|19590,04|0,00|||20231130||
OD|Operations diverses|OD00142|20231129|404000|Fournisseurs d'immobilisations|||OD114315|20231129|ECRITURE DE REGULARISATION 01/2025|0,00|19590,04|||20231130||
OD|Operations diverses|OD00143|20230112|281830|Amort. materiel de bureau|||OD016411|20230112|ECRITURE DE REGULARISATION 02/2025|13131,79|0,00|||20230116||
OD|Operations diverses|OD00143|20230112|404000|Fournisseurs d'immobilisations|||OD016411|20230112|ECRITURE DE REGULARISATION 02/2025|0,00|13131,79|||20230116||
OD|Operations diverses|OD00144|20231117|666000|Pertes de change|||OD111593|20231117|ECRITURE DE REGULARISATION 01/2025|1647,96|0,00|||20231123||
OD|Operations diverses|OD00144|20231117|512100|Banque secondaire|||OD111593|20231117|ECRITURE DE REGULARISATION 01/2025|0,00|1647,96|||20231123||
OD|Operations diverses|OD00145|20230922|707000|Ventes de marchandises|||OD093274|20230922|ECRITURE DE REGULARISATION 01/2025|999,79|0,00|||20230929||
OD|Operations diverses|OD00145|20230922|761000|Produits de participations|||OD093274|20230922|ECRITURE DE REGULARISATION 01/2025|0,00|999,79|||20230929||
OD|Operations diverses|OD00146|20230623|437000|Autres organismes sociaux|||OD067476|20230623|ECRITURE DE REGULARISATION 01/2025|239,50|0,00|||20230630||
OD|Operations diverses|OD00146|20230623|709000|Rabais, remises et ristournes accordes|||OD067476|20230623|ECRITURE DE REGULARISATION 01/2025|0,00|239,50|||20230630||
OD|Operations diverses|OD00147|20230113|626000|Frais postaux et de telecommunications|||OD019341|20230113|ECRITURE DE REGULARISATION 01/2025|1876,35|0,00|||20230120||
OD|Operations diverses|OD00147|20230113|403000|Fournisseurs - Effets a payer|||OD019341|20230113|ECRITURE DE REGULARISATION 01/2025|0,00|1876,35|||20230120||
OD|Operations diverses|OD00148|20230908|706000|Prestations de services|||OD096814|20230908|ECRITURE DE REGULARISATION 02/2025|1239,98|0,00|||20230908||
OD|Operations diverses|OD00148|20230908|486000|Charges constatees d'avance|||OD096814|20230908|ECRITURE DE REGULARISATION 02/2025|0,00|1239,98|||20230908||
OD|Operations diverses|OD00149|20230623|623100|Annonces et insertions|||OD063752|20230623|ECRITURE DE REGULARISATION 01/2025|216,60|0,00|||20230629||
OD|Operations diverses|OD00149|20230623|404000|Fournisseurs d'immobilisations|||OD063752|20230623|ECRITURE DE REGULARISATION 01/2025|0,00|216,60|||20230629||
OD|Operations diverses|OD00150|20230516|281350|Amort. installations generales|||OD058142|20230516|ECRITURE DE REGULARISATION 01/2025|4582,98|0,00|||20230517||
OD|Operations diverses|OD00150|20230516|512100|Banque secondaire|||OD058142|20230516|ECRITURE DE REGULARISATION 01/2025|0,00|4582,98|||20230517||
OD|Operations diverses|OD00151|20231020|602200|Achats de fournitures consommables|||OD101423|20231020|ECRITURE DE REGULARISATION 01/2025|1571,63|0,00|||20231025||
OD|Operations diverses|OD00151|20231020|486000|Charges constatees d'avance|||OD101423|20231020|ECRITURE DE REGULARISATION 01/2025|0,00|1571,63|||20231025||
OD|Operations diverses|OD00152|20231025|687000|Dot. amort. et provisions exceptionnels|||OD105292|20231025|ECRITURE DE REGULARISATION 01/2025|1024,33|0,00|||20231025||
OD|Operations diverses|OD00152|20231025|416000|Clients douteux|||OD105292|20231025|ECRITURE DE REGULARISATION 01/2025|0,00|1024,33|||20231025||
VE|Ventes|VE00001|20230623|413000|Clients - Effets a recevoir|||VE061162|20230623|FACT CLIENT CLIENT DELTA 177701|467,41|0,00|||20230623||
VE|Ventes|VE00001|20230623|641000|Remunerations du personnel|||VE061162|20230623|FACT CLIENT CLIENT DELTA 177701|0,00|467,41|||20230623||
VE|Ventes|VE00002|20230622|411000|Clients|C00001|CLIENT ALPHA|VE068083|20230622|FACT CLIENT CLIENT EPSILON 522290|5882,55|0,00|Z6|20231207|20230622||
VE|Ventes|VE00002|20230622|622700|Frais d'actes et de contentieux|||VE068083|20230622|FACT CLIENT CLIENT EPSILON 522290|0,00|5882,55|||20230622||
VE|Ventes|VE00003|20231123|413000|Clients - Effets a recevoir|||VE115245|20231123|FACT CLIENT CLIENT ALPHA 255194|953,89|0,00|||20231125||
VE|Ventes|VE00003|20231123|106100|Reserve legale|||VE115245|20231123|FACT CLIENT CLIENT ALPHA 255194|0,00|953,89|||20231125||
VE|Ventes|VE00004|20230712|707000|Ventes de marchandises|||VE076536|20230712|FACT CLIENT CLIENT BETA 25271|1367,30|0,00|||20230715||
VE|Ventes|VE00004|20230712|437000|Autres organismes sociaux|||VE076536|20230712|FACT CLIENT CLIENT BETA 25271|0,00|1367,30|||20230715||
VE|Ventes|VE00005|20230714|419100|Clients - Avances et acomptes recus|||VE076726|20230714|FACT CLIENT CLIENT ALPHA 72194|621,36|0,00|||20230714||
VE|Ventes|VE00005|20230714|445710|TVA collectee a payer|||VE076726|20230714|FACT CLIENT CLIENT ALPHA 72194|0,00|621,36|||20230714||
VE|Ventes|VE00006|20230215|708500|Ports et frais accessoires factures|||VE028129|20230215|FACT CLIENT CLIENT GAMMA 649858|388,88|0,00|||20230215||
VE|Ventes|VE00006|20230215|621000|Personnel exterieur a l'entreprise|||VE028129|20230215|FACT CLIENT CLIENT GAMMA 649858|0,00|388,88|||20230215||
VE|Ventes|VE00007|20230120|701000|Ventes de produits finis|||VE013962|20230120|FACT CLIENT CLIENT EPSILON 444410|1132,34|0,00|||20230126||
VE|Ventes|VE00007|20230120|425000|Personnel - Avances et acomptes|||VE013962|20230120|FACT CLIENT CLIENT EPSILON 444410|0,00|1132,34|||20230126||
VE|Ventes|VE00008|20230914|418100|Clients - Factures a etablir|||VE098564|20230914|FACT CLIENT CLIENT ALPHA 305714|26,93|0,00|||20230914||
VE|Ventes|VE00008|20230914|445620|TVA deductible sur immobilisations|||VE098564|20230914|FACT CLIENT CLIENT ALPHA 305714|0,00|26,93|||20230914||
VE|Ventes|VE00009|20231103|709000|Rabais, remises et ristournes accordes|||VE119810|20231103|FACT CLIENT CLIENT DELTA 341496|425,93|0,00|||20231105||
VE|Ventes|VE00009|20231103|623000|Publicite, publications, relations publiques|||VE119810|20231103|FACT CLIENT CLIENT DELTA 341496|0,00|425,93|||20231105||
VE|Ventes|VE00010|20230510|708500|Ports et frais accessoires factures|||VE054186|20230510|FACT CLIENT CLIENT BETA 120140|199,52|0,00|||20230514||
VE|Ventes|VE00010|20230510|626000|Frais postaux et de telecommunications|||VE054186|20230510|FACT CLIENT CLIENT BETA 120140|0,00|199,52|||20230514||
VE|Ventes|VE00011|20230407|708500|Ports et frais accessoires factures|||VE044757|20230407|FACT CLIENT CLIENT GAMMA 820883|453,96|0,00|||20230408||
VE|Ventes|VE00011|20230407|621000|Personnel exterieur a l'entreprise|||VE044757|20230407|FACT CLIENT CLIENT GAMMA 820883|0,00|453,96|||20230408||
VE|Ventes|VE00012|20231107|411000|Clients|C00006|CLIENT ZETA|VE112099|20231107|FACT CLIENT CLIENT GAMMA 370413|9194,11|0,00|N2|20231226|20231109||
VE|Ventes|VE00012|20231107|647000|Autres charges sociales|||VE112099|20231107|FACT CLIENT CLIENT GAMMA 370413|0,00|9194,11|||20231109||
VE|Ventes|VE00013|20230918|411000|Clients|C00002|CLIENT BETA|VE099942|20230918|FACT CLIENT CLIENT DELTA 126568|1288,75|0,00|||20230924||
VE|Ventes|VE00013|20230918|281830|Amort. materiel de bureau|||VE099942|20230918|FACT CLIENT CLIENT DELTA 126568|0,00|1288,75|||20230924||
VE|Ventes|VE00014|20230803|708500|Ports et frais accessoires factures|||VE088817|20230803|FACT CLIENT CLIENT EPSILON 234009|1129,20|0,00|||20230804||
VE|Ventes|VE00014|20230803|661000|Charges d'interets|||VE088817|20230803|FACT CLIENT CLIENT EPSILON 234009|0,00|1129,20|||20230804||
VE|Ventes|VE00015|20230914|416000|Clients douteux|||VE096128|20230914|FACT CLIENT CLIENT BETA 805918|310,80|0,00|||20230915||
VE|Ventes|VE00015|20230914|648000|Autres charges de personnel|||VE096128|20230914|FACT CLIENT CLIENT BETA 805918|0,00|310,80|||20230915||
VE|Ventes|VE00016|20230215|706000|Prestations de services|||AC083649|20230215|FACT CLIENT CLIENT EPSILON 856439|742,16|0,00|||20230215||
VE|Ventes|VE00016|20230215|781740|Reprises sur provisions sur creances|||VE024032|20230215|FACT CLIENT CLIENT EPSILON 856439|0,00|742,16|||20230215||
VE|Ventes|VE00017|20230407|418100|Clients - Factures a etablir|||VE049462|20230407|FACT CLIENT CLIENT GAMMA 369542|238,33|0,00|||20230408||
VE|Ventes|VE00017|20230407|615500|Entretien et reparations sur biens mobiliers|||VE049462|20230407|FACT CLIENT CLIENT GAMMA 369542|0,00|238,33|||20230408||
VE|Ventes|VE00018|20230203|411000|Clients|C00005|CLIENT EPSILON|VE028277|20230203|FACT CLIENT CLIENT DELTA 193620|8134,06|0,00|Q1|20231230|20230206||
VE|Ventes|VE00018|20230203|763000|Revenus des autres creances|||VE028277|20230203|FACT CLIENT CLIENT DELTA 193620|0,00|8134,06|||20230206||
VE|Ventes|VE00019|20230113|706000|Prestations de services|||VE017746|20230113|FACT CLIENT CLIENT ALPHA 953382|1165,06|0,00|||20230115||
VE|Ventes|VE00019|20230113|628100|Concours divers (cotisations...)|||VE017746|20230113|FACT CLIENT CLIENT ALPHA 953382|0,00|1165,06|||20230115||
VE|Ventes|VE00020|20230328|701000|Ventes de produits finis|||VE033150|20230328|FACT CLIENT CLIENT DELTA 121660|1541,37|0,00|||20230331||
VE|Ventes|VE00020|20230328|763000|Revenus des autres creances|||VE033150|20230328|FACT CLIENT CLIENT DELTA 121660|0,00|1541,37|||20230331||
VE|Ventes|VE00021|20230428|706000|Prestations de services|||VE043492|20230428|FACT CLIENT CLIENT GAMMA 227996|1594,83|0,00|||20230501||
VE|Ventes|VE00021|20230428|615500|Entretien et reparations sur biens mobiliers|||VE043492|20230428|FACT CLIENT CLIENT GAMMA 227996|0,00|1594,83|||20230501||
VE|Ventes|VE00022|20231227|416000|Clients douteux|||VE122346|20231227|FACT CLIENT CLIENT BETA 414526|390,51|0,00|||20231229||
VE|Ventes|VE00022|20231227|661000|Charges d'interets|||VE122346|20231227|FACT CLIENT CLIENT BETA 414526|0,00|390,51|||20231229||
VE|Ventes|VE00023|20231023|418100|Clients - Factures a etablir|||VE103291|20231023|FACT CLIENT CLIENT BETA 617500|567,25|0,00|||20231024||
VE|Ventes|VE00023|20231023|231000|Immobilisations corporelles en cours|||VE103291|20231023|FACT CLIENT CLIENT BETA 617500|0,00|567,25|||20231024||
VE|Ventes|VE00024|20230621|701000|Ventes de produits finis|||VE064982|20230621|FACT CLIENT CLIENT ALPHA 20715|982,02|0,00|||20230625||
VE|Ventes|VE00024|20230621|120000|Resultat de l'exercice|||VE064982|20230621|FACT CLIENT CLIENT ALPHA 20715|0,00|982,02|||20230625||
VE|Ventes|VE00025|20231215|701000|Ventes de produits finis|||VE123032|20231215|FACT CLIENT CLIENT BETA 392377|245,58|0,00|||20231218||
VE|Ventes|VE00025|20231215|211000|Terrains|||VE123032|20231215|FACT CLIENT CLIENT BETA 392377|0,00|245,58|||20231218||
VE|Ventes|VE00026|20230213|707000|Ventes de marchandises|||VE028570|20230213|FACT CLIENT CLIENT EPSILON 434555|663,53|0,00|||20230215||
VE|Ventes|VE00026|20230213|518100|Interets courus a payer|||VE028570|20230213|FACT CLIENT CLIENT EPSILON 434555|0,00|663,53|||20230215||
VE|Ventes|VE00027|20230522|411000|Clients|C00003|CLIENT GAMMA|VE057295|20230522|FACT CLIENT CLIENT ALPHA 57683|4501,90|0,00|||20230528||
VE|Ventes|VE00027|20230522|635000|Autres impots, taxes et versements assimiles|||VE057295|20230522|FACT CLIENT CLIENT ALPHA 57683|0,00|4501,90|||20230528||
VE|Ventes|VE00028|20231026|419100|Clients - Avances et acomptes recus|||VE105729|20231026|FACT CLIENT CLIENT DELTA 348360|85,88|0,00|||20231031||
VE|Ventes|VE00028|20231026|651000|Redevances pour concessions, brevets, licences, etc.|||VE105729|20231026|FACT CLIENT CLIENT DELTA 348360|0,00|85,88|||20231031||
VE|Ventes|VE00029|20230304|419100|Clients - Avances et acomptes recus|||VE026950|20230228|FACT CLIENT CLIENT ALPHA 733825|744,03|0,00|||20230306||
VE|Ventes|VE00029|20230228|413000|Clients - Effets a recevoir|||VE026950|20230228|FACT CLIENT CLIENT ALPHA 733825|0,00|744,03|||20230306||
VE|Ventes|VE00030|20230225|413000|Clients - Effets a recevoir|||VE023680|20230224|FACT CLIENT CLIENT DELTA 849435|329,39|0,00|||20230228||
VE|Ventes|VE00030|20230224|203000|Frais de recherche et developpement|||VE023680|20230224|FACT CLIENT CLIENT DELTA 849435|0,00|329,39|||20230228||
VE|Ventes|VE00031|20230412|413000|Clients - Effets a recevoir|||VE046678|20230412|FACT CLIENT CLIENT DELTA 72516|549,07|0,00|||20230416||
VE|Ventes|VE00031|20230412|706000|Prestations de services|||VE046678|20230412|FACT CLIENT CLIENT DELTA 72516|0,00|549,07|||20230416||
VE|Ventes|VE00032|20231018|411000|Clients|C00005|CLIENT EPSILON|VE106731|20231018|FACT CLIENT CLIENT ALPHA 497813|5850,55|0,00|||20231019||
VE|Ventes|VE00032|20231018|517000|Autres organismes financiers|||VE106731|20231018|FACT CLIENT CLIENT ALPHA 497813|0,00|5850,55|||20231019||
VE|Ventes|VE00033|20230907|411000|Clients|C00006|CLIENT ZETA|VE094380|20230907|FACT CLIENT CLIENT EPSILON 387208|3038,53|0,00|||20230913||
VE|Ventes|VE00033|20230907|761000|Produits de participations|||VE094380|20230907|FACT CLIENT CLIENT EPSILON 387208|0,00|3038,53|||20230913||
VE|Ventes|VE00034|20231201|419100|Clients - Avances et acomptes recus|||VE128588|20231201|FACT CLIENT CLIENT ALPHA 115363|737,61|0,00|||20231205||
VE|Ventes|VE00034|20231201|467000|Autres comptes debiteurs ou crediteurs|||VE128588|20231201|FACT CLIENT CLIENT ALPHA 115363|0,00|737,61|||20231205||
VE|Ventes|VE00035|20230228|419100|Clients - Avances et acomptes recus|||VE027788|20230228|FACT CLIENT CLIENT GAMMA 94106|812,02|0,00|||20230301||
VE|Ventes|VE00035|20230228|720000|Production immobilisee|||VE027788|20230228|FACT CLIENT CLIENT GAMMA 94106|0,00|812,02|||20230301||
VE|Ventes|VE00036|20230512|416000|Clients douteux|||VE056443|20230512|FACT CLIENT CLIENT BETA 291160|337,55|0,00|||20230517||
VE|Ventes|VE00036|20230512|408400|Fournisseurs d'immobilisations - Factures non parvenues|||VE056443|20230512|FACT CLIENT CLIENT BETA 291160|0,00|337,55|||20230517||
VE|Ventes|VE00037|20230627|701000|Ventes de produits finis|||VE065164|20230627|FACT CLIENT CLIENT ALPHA 361547|1385,97|0,00|||20230702||
VE|Ventes|VE00037|20230627|445870|TVA sur factures a etablir|||VE065164|20230627|FACT CLIENT CLIENT ALPHA 361547|0,00|1385,97|||20230702||
VE|Ventes|VE00038|20231225|416000|Clients douteux|||VE127426|20231225|FACT CLIENT CLIENT BETA 89761|266,09|0,00|||20231229||
VE|Ventes|VE00038|20231225|511000|Valeurs a l'encaissement|||VE127426|20231225|FACT CLIENT CLIENT BETA 89761|0,00|266,09|||20231229||
VE|Ventes|VE00039|20221230|418100|Clients - Factures a etablir|||VE121001|20221230|FACT CLIENT CLIENT DELTA 834665|505,87|0,00|||20230106||
VE|Ventes|VE00039|20221230|580000|Virements internes|||VE121001|20221230|FACT CLIENT CLIENT DELTA 834665|0,00|505,87|||20230106||
VE|Ventes|VE00040|20230331|708500|Ports et frais accessoires factures|||VE036759|20230331|FACT CLIENT CLIENT EPSILON 977168|584,28|0,00|||20230404||
VE|Ventes|VE00040|20230331|764000|Revenus des valeurs mobilieres de placement|||VE036759|20230331|FACT CLIENT CLIENT EPSILON 977168|0,00|584,28|||20230404||
VE|Ventes|VE00041|20230824|709000|Rabais, remises et ristournes accordes|||VE084914|20230824|FACT CLIENT CLIENT BETA 973531|1248,17|0,00|||20230827||
VE|Ventes|VE00041|20230824|281830|Amort. materiel de bureau|||VE084914|20230824|FACT CLIENT CLIENT BETA 973531|0,00|1248,17|||20230827||
VE|Ventes|VE00042|20230612|709000|Rabais, remises et ristournes accordes|||VE063781|20230612|FACT CLIENT CLIENT DELTA 673794|1004,25|0,00|||20230614||
VE|Ventes|VE00042|20230612|425000|Personnel - Avances et acomptes|||VE063781|20230612|FACT CLIENT CLIENT DELTA 673794|0,00|1004,25|||20230614||
VE|Ventes|VE00043|20231027|413000|Clients - Effets a recevoir|||VE108279|20231027|FACT CLIENT CLIENT BETA 17832|31,19|0,00|||20231101||
VE|Ventes|VE00043|20231027|616000|Primes d'assurance|||VE108279|20231027|FACT CLIENT CLIENT BETA 17832|0,00|31,19|||20231101||
VE|Ventes|VE00044|20231225|419100|Clients - Avances et acomptes recus|||VE121816|20231225|FACT CLIENT CLIENT EPSILON 923854|559,63|0,00|||20231230||
VE|Ventes|VE00044|20231225|615600|Maintenance|||VE121816|20231225|FACT CLIENT CLIENT EPSILON 923854|0,00|559,63|||20231230||
VE|Ventes|VE00045|20230323|411000|Clients|C00005|CLIENT EPSILON|VE033600|20230323|FACT CLIENT CLIENT DELTA 566039|8327,40|0,00|||20230329||
VE|Ventes|VE00045|20230323|321000|Matieres consommables|||VE033600|20230323|FACT CLIENT CLIENT DELTA 566039|0,00|8327,40|||20230329||
VE|Ventes|VE00046|20230825|708500|Ports et frais accessoires factures|||VE089077|20230825|FACT CLIENT CLIENT BETA 441166|29,50|0,00|||20230825||
VE|Ventes|VE00046|20230825|623400|Cadeaux a la clientele|||VE089077|20230825|FACT CLIENT CLIENT BETA 441166|0,00|29,50|||20230825||
VE|Ventes|VE00047|20230310|707000|Ventes de marchandises|||VE035140|20230310|FACT CLIENT CLIENT EPSILON 669582|879,82|0,00|||20230310||
VE|Ventes|VE00047|20230310|438200|Charges sociales sur conges a payer|||VE035140|20230310|FACT CLIENT CLIENT EPSILON 669582|0,00|879,82|||20230310||
VE|Ventes|VE00048|20230705|411000|Clients|C00006|CLIENT ZETA|VE074973|20230705|FACT CLIENT CLIENT GAMMA 72188|1385,38|0,00|||20230706||
VE|Ventes|VE00048|20230705|409100|Fournisseurs - Avances et acomptes verses|||VE074973|20230705|FACT CLIENT CLIENT GAMMA 72188|0,00|1385,38|||20230706||
VE|Ventes|VE00049|20230313|413000|Clients - Effets a recevoir|||VE032547|20230313|FACT CLIENT CLIENT GAMMA 690387|442,37|0,00|||20230320||
VE|Ventes|VE00049|20230313|281540|Amort. materiel industriel|||VE032547|20230313|FACT CLIENT CLIENT GAMMA 690387|0,00|442,37|||20230320||
VE|Ventes|VE00050|20230411|413000|Clients - Effets a recevoir|||VE041624|20230411|FACT CLIENT CLIENT ALPHA 480506|755,15|0,00|||20230411||
VE|Ventes|VE00050|20230411|706000|Prestations de services|||VE041624|20230411|FACT CLIENT CLIENT ALPHA 480506|0,00|755,15|||20230411||
VE|Ventes|VE00051|20230428|419100|Clients - Avances et acomptes recus|||VE049279|20230428|FACT CLIENT CLIENT DELTA 397031|376,03|0,00|||20230430||
VE|Ventes|VE00051|20230428|281830|Amort. materiel de bureau|||VE049279|20230428|FACT CLIENT CLIENT DELTA 397031|0,00|376,03|||20230430||
VE|Ventes|VE00052|20230112|701000|Ventes de produits finis|||VE013170|20230112|FACT CLIENT CLIENT GAMMA 166765|362,44|0,00|||20230115||
VE|Ventes|VE00052|20230112|419100|Clients - Avances et acomptes recus|||VE013170|20230112|FACT CLIENT CLIENT GAMMA 166765|0,00|362,44|||20230115||
VE|Ventes|VE00053|20231019|419100|Clients - Avances et acomptes recus|||VE101954|20231019|FACT CLIENT CLIENT EPSILON 876055|810,08|0,00|||20231025||
VE|Ventes|VE00053|20231019|168800|Interets courus sur emprunts|||VE101954|20231019|FACT CLIENT CLIENT EPSILON 876055|0,00|810,08|||20231025||
VE|Ventes|VE00054|20230725|413000|Clients - Effets a recevoir|||VE079099|20230725|FACT CLIENT CLIENT EPSILON 971754|116,39|0,00|||20230726||
VE|Ventes|VE00054|20230725|445620|TVA deductible sur immobilisations|||VE079099|20230725|FACT CLIENT CLIENT EPSILON 971754|0,00|116,39|||20230726||
VE|Ventes|VE00055|20230629|411000|Clients|C00004|CLIENT DELTA|VE069088|20230629|FACT CLIENT CLIENT DELTA 119512|8549,62|0,00|||20230706||
VE|Ventes|VE00055|20230629|614000|Charges locatives|||VE069088|20230629|FACT CLIENT CLIENT DELTA 119512|0,00|8549,62|||20230706||
VE|Ventes|VE00056|20230106|413000|Clients - Effets a recevoir|||VE016602|20230106|FACT CLIENT CLIENT DELTA 370357|406,47|0,00|||20230112||
VE|Ventes|VE00056|20230106|606400|Fournitures administratives|||VE016602|20230106|FACT CLIENT CLIENT DELTA 370357|0,00|406,47|||20230112||
VE|Ventes|VE00057|20230130|707000|Ventes de marchandises|||VE015245|20230130|FACT CLIENT CLIENT BETA 318381|352,22|0,00|||20230205||
VE|Ventes|VE00057|20230130|751000|Redevances pour concessions, brevets, licences, etc.|||VE015245|20230130|FACT CLIENT CLIENT BETA 318381|0,00|352,22|||20230205||
VE|Ventes|VE00058|20230116|416000|Clients douteux|||VE011534|20230116|FACT CLIENT CLIENT GAMMA 638677|413,54|0,00|||20230121||
VE|Ventes|VE00058|20230116|445510|TVA a decaisser|||VE011534|20230116|FACT CLIENT CLIENT GAMMA 638677|0,00|413,54|||20230121||
VE|Ventes|VE00059|20230609|706000|Prestations de services|||VE065313|20230609|FACT CLIENT CLIENT BETA 709205|1981,84|0,00|||20230615||
VE|Ventes|VE00059|20230609|471000|Compte d'attente|||VE065313|20230609|FACT CLIENT CLIENT BETA 709205|0,00|1981,84|||20230615||
VE|Ventes|VE00060|20230606|419100|Clients - Avances et acomptes recus|||VE061625|20230606|FACT CLIENT CLIENT ALPHA 992384|380,42|0,00|||20230607||
VE|Ventes|VE00060|20230606|720000|Production immobilisee|||VE061625|20230606|FACT CLIENT CLIENT ALPHA 992384|0,00|380,42|||20230607||
VE|Ventes|VE00061|20230517|416000|Clients douteux|||VE053115|20230517|FACT CLIENT CLIENT ALPHA 209866|524,46|0,00|||20230518||
VE|Ventes|VE00061|20230517|281540|Amort. materiel industriel|||VE053115|20230517|FACT CLIENT CLIENT ALPHA 209866|0,00|524,46|||20230518||
VE|Ventes|VE00062|20230622|708500|Ports et frais accessoires factures|||VE068908|20230622|FACT CLIENT CLIENT GAMMA 519033|733,82|0,00|||20230623||
VE|Ventes|VE00062|20230622|491000|Depreciation des comptes clients|||VE068908|20230622|FACT CLIENT CLIENT GAMMA 519033|0,00|733,82|||20230623||
VE|Ventes|VE00063|20230714|708500|Ports et frais accessoires factures|||VE079503|20230714|FACT CLIENT CLIENT BETA 28678|162,48|0,00|||20230716||
VE|Ventes|VE00063|20230714|681110|Dot. amort. sur immo. incorporelles|||VE079503|20230714|FACT CLIENT CLIENT BETA 28678|0,00|162,48|||20230716||
VE|Ventes|VE00064|20230310|707000|Ventes de marchandises|||VE035550|20230310|FACT CLIENT CLIENT DELTA 456348|77,87|0,00|||20230311||
VE|Ventes|VE00064|20230310|681500|Dot. provisions pour risques et charges d'exploitation|||VE035550|20230310|FACT CLIENT CLIENT DELTA 456348|0,00|77,87|||20230311||
VE|Ventes|VE00065|20231023|708500|Ports et frais accessoires factures|||VE106068|20231023|FACT CLIENT CLIENT ALPHA 14208|1436,84|0,00|||20231024||
VE|Ventes|VE00065|20231023|500000|Valeurs mobilieres de placement|||VE106068|20231023|FACT CLIENT CLIENT ALPHA 14208|0,00|1436,84|||20231024||
VE|Ventes|VE00066|20231204|411000|Clients|C00008|CLIENT THETA|VE122984|20231204|FACT CLIENT CLIENT BETA 134096|9397,38|0,00|||20231204||
VE|Ventes|VE00066|20231204|642000|Remunerations des dirigeants|||VE122984|20231204|FACT CLIENT CLIENT BETA 134096|0,00|9397,38|||20231204||
VE|Ventes|VE00067|20231027|419100|Clients - Avances et acomptes recus|||VE109509|20231027|FACT CLIENT CLIENT ALPHA 518649|837,42|0,00|||20231027||
VE|Ventes|VE00067|20231027|445510|TVA a decaisser|||VE109509|20231027|FACT CLIENT CLIENT ALPHA 518649|0,00|837,42|||20231027||
VE|Ventes|VE00068|20231116|419100|Clients - Avances et acomptes recus|||VE112821|20231116|FACT CLIENT CLIENT EPSILON 635186|830,74|0,00|||20231117||
VE|Ventes|VE00068|20231116|606400|Fournitures administratives|||VE112821|20231116|FACT CLIENT CLIENT EPSILON 635186|0,00|830,74|||20231117||
VE|Ventes|VE00069|20230706|418100|Clients - Factures a etablir|||VE078429|20230706|FACT CLIENT CLIENT BETA 525849|659,14|0,00|||20230711||
VE|Ventes|VE00069|20230706|106800|Autres reserves|||VE078429|20230706|FACT CLIENT CLIENT BETA 525849|0,00|659,14|||20230711||
VE|Ventes|VE00070|20230220|706000|Prestations de services|||VE023145|20230220|FACT CLIENT CLIENT GAMMA 845481|171,15|0,00|||20230226||
VE|Ventes|VE00070|20230220|635000|Autres impots, taxes et versements assimiles|||VE023145|20230220|FACT CLIENT CLIENT GAMMA 845481|0,00|171,15|||20230226||
VE|Ventes|VE00071|20230201|701000|Ventes de produits finis|||VE027640|20230201|FACT CLIENT CLIENT EPSILON 246735|1443,75|0,00|||20230206||
VE|Ventes|VE00071|20230201|321000|Matieres consommables|||VE027640|20230201|FACT CLIENT CLIENT EPSILON 246735|0,00|1443,75|||20230206||
VE|Ventes|VE00072|20230303|419100|Clients - Avances et acomptes recus|||VE037504|20230303|FACT CLIENT CLIENT GAMMA 650722|110,18|0,00|||20230308||
VE|Ventes|VE00072|20230303|691000|Participation des salaries aux resultats|||VE037504|20230303|FACT CLIENT CLIENT GAMMA 650722|0,00|110,18|||20230308||
VE|Ventes|VE00073|20230414|707000|Ventes de marchandises|||VE043920|20230414|FACT CLIENT CLIENT GAMMA 304594|1525,93|0,00|||20230421||
VE|Ventes|VE00073|20230414|622600|Honoraires|||VE043920|20230414|FACT CLIENT CLIENT GAMMA 304594|0,00|1525,93|||20230421||
VE|Ventes|VE00074|20230425|706000|Prestations de services|||VE046613|20230425|FACT CLIENT CLIENT DELTA 896190|1500,74|0,00|||20230502||
VE|Ventes|VE00074|20230425|445520|TVA due intracommunautaire|||VE046613|20230425|FACT CLIENT CLIENT DELTA 896190|0,00|1500,74|||20230502||
VE|Ventes|VE00075|20231101|418100|Clients - Factures a etablir|||VE118128|20231101|FACT CLIENT CLIENT DELTA 164471|198,85|0,00|||20231107||
VE|Ventes|VE00075|20231101|408100|Fournisseurs - Factures non parvenues|||VE118128|20231101|FACT CLIENT CLIENT DELTA 164471|0,00|198,85|||20231107||
VE|Ventes|VE00076|20231128|413000|Clients - Effets a recevoir|||VE111547|20231128|FACT CLIENT CLIENT ALPHA 376167|956,80|0,00|||20231203||
VE|Ventes|VE00076|20231128|798000|Integration fiscale - Produits|||VE111547|20231128|FACT CLIENT CLIENT ALPHA 376167|0,00|956,80|||20231203||
VE|Ventes|VE00077|20231129|708500|Ports et frais accessoires factures|||VE116810|20231129|FACT CLIENT CLIENT ALPHA 676936|1561,51|0,00|||20231202||
VE|Ventes|VE00077|20231129|445520|TVA due intracommunautaire|||VE116810|20231129|FACT CLIENT CLIENT ALPHA 676936|0,00|1561,51|||20231202||
VE|Ventes|VE00078|20230222|708500|Ports et frais accessoires factures|||VE023868|20230222|FACT CLIENT CLIENT DELTA 848474|1562,33|0,00|||20230224||
VE|Ventes|VE00078|20230222|775000|Produits des cessions d'elements d'actif|||VE023868|20230222|FACT CLIENT CLIENT DELTA 848474|0,00|1562,33|||20230224||
VE|Ventes|VE00079|20230511|413000|Clients - Effets a recevoir|||VE051378|20230511|FACT CLIENT CLIENT ALPHA 320420|223,78|0,00|||20230512||
VE|Ventes|VE00079|20230511|445870|TVA sur factures a etablir|||VE051378|20230511|FACT CLIENT CLIENT ALPHA 320420|0,00|223,78|||20230512||
VE|Ventes|VE00080|20230728|701000|Ventes de produits finis|||VE076342|20230728|FACT CLIENT CLIENT ALPHA 454530|534,55|0,00|||20230729||
VE|Ventes|VE00080|20230728|606100|Electricite, gaz, eau|||VE076342|20230728|FACT CLIENT CLIENT ALPHA 454530|0,00|534,55|||20230729||
VE|Ventes|VE00081|20231221|708500|Ports et frais accessoires factures|||VE129602|20231221|FACT CLIENT CLIENT DELTA 193822|487,00|0,00|||20231224||
VE|Ventes|VE00081|20231221|168800|Interets courus sur emprunts|||VE129602|20231221|FACT CLIENT CLIENT DELTA 193822|0,00|487,00|||20231224||
VE|Ventes|VE00082|20230607|411000|Clients|C00008|CLIENT THETA|VE062394|20230607|FACT CLIENT CLIENT DELTA 660642|8895,22|0,00|||20230614||
VE|Ventes|VE00082|20230607|447100|Autres impots, taxes et versements assimiles|||VE062394|20230607|FACT CLIENT CLIENT DELTA 660642|0,00|8895,22|||20230614||
VE|Ventes|VE00083|20230220|413000|Clients - Effets a recevoir|||VE021130|20230220|FACT CLIENT CLIENT ALPHA 212309|44,11|0,00|||20230221||
VE|Ventes|VE00083|20230220|641000|Remunerations du personnel|||VE021130|20230220|FACT CLIENT CLIENT ALPHA 212309|0,00|44,11|||20230221||
VE|Ventes|VE00084|20230714|413000|Clients - Effets a recevoir|||VE074584|20230714|FACT CLIENT CLIENT EPSILON 318534|52,60|0,00|||20230717||
VE|Ventes|VE00084|20230714|311000|Matieres premieres|||VE074584|20230714|FACT CLIENT CLIENT EPSILON 318534|0,00|52,60|||20230717||
VE|Ventes|VE00085|20230105|418100|Clients - Factures a etablir|||VE016544|20230105|FACT CLIENT CLIENT DELTA 627999|62,05|0,00|||20230106||
VE|Ventes|VE00085|20230105|686500|Dot. provisions pour risques et charges financiers|||VE016544|20230105|FACT CLIENT CLIENT DELTA 627999|0,00|62,05|||20230106||
VE|Ventes|VE00086|20230831|411000|Clients|C00010|CLIENT KAPPA|VE081631|20230831|FACT CLIENT CLIENT BETA 942242|763,04|0,00|||20230902||
VE|Ventes|VE00086|20230831|408100|Fournisseurs - Factures non parvenues|||VE081631|20230831|FACT CLIENT CLIENT BETA 942242|0,00|763,04|||20230902||
VE|Ventes|VE00087|20230901|708500|Ports et frais accessoires factures|||VE092670|20230901|FACT CLIENT CLIENT EPSILON 294379|1065,37|0,00|||20230905||
VE|Ventes|VE00087|20230901|164000|Emprunts aupres des etablissements de credit|||VE092670|20230901|FACT CLIENT CLIENT EPSILON 294379|0,00|1065,37|||20230905||
VE|Ventes|VE00088|20230222|701000|Ventes de produits finis|||VE026588|20230222|FACT CLIENT CLIENT BETA 719668|169,69|0,00|||20230225||
VE|Ventes|VE00088|20230222|623100|Annonces et insertions|||VE026588|20230222|FACT CLIENT CLIENT BETA 719668|0,00|169,69|||20230225||
VE|Ventes|VE00089|20230809|413000|Clients - Effets a recevoir|||VE086561|20230809|FACT CLIENT CLIENT GAMMA 927002|510,88|0,00|||20230815||
VE|Ventes|VE00089|20230809|601000|Achats de matieres premieres|||VE086561|20230809|FACT CLIENT CLIENT GAMMA 927002|0,00|510,88|||20230815||
VE|Ventes|VE00090|20230814|418100|Clients - Factures a etablir|||VE084608|20230814|FACT CLIENT CLIENT DELTA 200599|199,95|0,00|||20230821||
VE|Ventes|VE00090|20230814|281820|Amort. materiel de transport|||VE084608|20230814|FACT CLIENT CLIENT DELTA 200599|0,00|199,95|||20230821||
VE|Ventes|VE00091|20230518|708500|Ports et frais accessoires factures|||VE052809|20230518|FACT CLIENT CLIENT DELTA 755904|62,18|0,00|||20230524||
VE|Ventes|VE00091|20230518|666000|Pertes de change|||VE052809|20230518|FACT CLIENT CLIENT DELTA 755904|0,00|62,18|||20230524||
VE|Ventes|VE00092|20230104|416000|Clients douteux|||VE019195|20230104|FACT CLIENT CLIENT GAMMA 278634|864,24|0,00|||20230104||
VE|Ventes|VE00092|20230104|695000|Impots sur les benefices|||VE019195|20230104|FACT CLIENT CLIENT GAMMA 278634|0,00|864,24|||20230104||
VE|Ventes|VE00093|20230906|419100|Clients - Avances et acomptes recus|||VE099904|20230906|FACT CLIENT CLIENT ALPHA 970439|621,39|0,00|||20230910||
VE|Ventes|VE00093|20230906|203000|Frais de recherche et developpement|||VE099904|20230906|FACT CLIENT CLIENT ALPHA 970439|0,00|621,39|||20230910||
VE|Ventes|VE00094|20230825|707000|Ventes de marchandises|||VE083146|20230825|FACT CLIENT CLIENT DELTA 317384|1967,79|0,00|||20230829||
VE|Ventes|VE00094|20230825|371000|Stock de marchandises|||VE083146|20230825|FACT CLIENT CLIENT DELTA 317384|0,00|1967,79|||20230829||
VE|Ventes|VE00095|20230922|707000|Ventes de marchandises|||VE094219|20230922|FACT CLIENT CLIENT BETA 549935|1292,20|0,00|||20230924||
VE|Ventes|VE00095|20230922|740000|Subventions d'exploitation|||VE094219|20230922|FACT CLIENT CLIENT BETA 549935|0,00|1292,20|||20230924||
VE|Ventes|VE00096|20230512|709000|Rabais, remises et ristournes accordes|||VE058436|20230512|FACT CLIENT CLIENT DELTA 416768|1774,03|0,00|||20230512||
VE|Ventes|VE00096|20230512|445520|TVA due intracommunautaire|||VE058436|20230512|FACT CLIENT CLIENT DELTA 416768|0,00|1774,03|||20230512||
VE|Ventes|VE00097|20230317|701000|Ventes de produits finis|||VE032519|20230317|FACT CLIENT CLIENT DELTA 361984|1622,32|0,00|||20230320||
VE|Ventes|VE00097|20230317|613200|Locations immobilieres|||VE032519|20230317|FACT CLIENT CLIENT DELTA 361984|0,00|1622,32|||20230320||
VE|Ventes|VE00098|20230104|413000|Clients - Effets a recevoir|||VE017142|20230104|FACT CLIENT CLIENT EPSILON 503108|982,95|0,00|||20230106||
VE|Ventes|VE00098|20230104|445510|TVA a decaisser|||VE017142|20230104|FACT CLIENT CLIENT EPSILON 503108|0,00|982,95|||20230106||
VE|Ventes|VE00099|20230907|413000|Clients - Effets a recevoir|||VE094159|20230907|FACT CLIENT CLIENT DELTA 752263|942,14|0,00|||20230910||
VE|Ventes|VE00099|20230907|616000|Primes d'assurance|||VE094159|20230907|FACT CLIENT CLIENT DELTA 752263|0,00|942,14|||20230910||
VE|Ventes|VE00100|20230721|416000|Clients douteux|||VE073831|20230721|FACT CLIENT CLIENT GAMMA 225191|584,66|0,00|||20230728||
VE|Ventes|VE00100|20230721|797000|Transferts de charges exceptionnelles|||VE073831|20230721|FACT CLIENT CLIENT GAMMA 225191|0,00|584,66|||20230728||
VE|Ventes|VE00101|20230607|709000|Rabais, remises et ristournes accordes|||VE067869|20230607|FACT CLIENT CLIENT ALPHA 639306|363,78|0,00|||20230608||
VE|Ventes|VE00101|20230607|681110|Dot. amort. sur immo. incorporelles|||VE067869|20230607|FACT CLIENT CLIENT ALPHA 639306|0,00|363,78|||20230608||
VE|Ventes|VE00102|20230908|708500|Ports et frais accessoires factures|||VE093279|20230908|FACT CLIENT CLIENT DELTA 321900|259,67|0,00|||20230911||
VE|Ventes|VE00102|20230908|645000|Charges de securite sociale et de prevoyance|||VE093279|20230908|FACT CLIENT CLIENT DELTA 321900|0,00|259,67|||20230911||
VE|Ventes|VE00103|20230825|411000|Clients|C00008|CLIENT THETA|VE088857|20230825|FACT CLIENT CLIENT EPSILON 870093|8384,36|0,00|||20230827||
VE|Ventes|VE00103|20230825|661000|Charges d'interets|||VE088857|20230825|FACT CLIENT CLIENT EPSILON 870093|0,00|8384,36|||20230827||
VE|Ventes|VE00104|20230912|419100|Clients - Avances et acomptes recus|||VE098253|20230912|FACT CLIENT CLIENT GAMMA 905345|614,34|0,00|||20230912||
VE|Ventes|VE00104|20230912|628100|Concours divers (cotisations...)|||VE098253|20230912|FACT CLIENT CLIENT GAMMA 905345|0,00|614,34|||20230912||
VE|Ventes|VE00105|20230323|411000|Clients|C00006|CLIENT ZETA|VE034300|20230323|FACT CLIENT CLIENT DELTA 82562|4231,55|0,00|||20230328||
VE|Ventes|VE00105|20230323|686500|Dot. provisions pour risques et charges financiers|||VE034300|20230323|FACT CLIENT CLIENT DELTA 82562|0,00|4231,55|||20230328||
VE|Ventes|VE00106|20230428|419100|Clients - Avances et acomptes recus|||VE047140|20230428|FACT CLIENT CLIENT BETA 198863|169,39|0,00|||20230430||
VE|Ventes|VE00106|20230428|408100|Fournisseurs - Factures non parvenues|||VE047140|20230428|FACT CLIENT CLIENT BETA 198863|0,00|169,39|||20230430||
VE|Ventes|VE00107|20231017|419100|Clients - Avances et acomptes recus|||VE104518|20231017|FACT CLIENT CLIENT ALPHA 974668|960,43|0,00|||20231019||
VE|Ventes|VE00107|20231017|231000|Immobilisations corporelles en cours|||VE104518|20231017|FACT CLIENT CLIENT ALPHA 974668|0,00|960,43|||20231019||
VE|Ventes|VE00108|20230721|411000|Clients|C00009|CLIENT IOTA|VE077266|20230721|FACT CLIENT CLIENT DELTA 36601|8482,46|0,00|||20230727||
VE|Ventes|VE00108|20230721|615600|Maintenance|||VE077266|20230721|FACT CLIENT CLIENT DELTA 36601|0,00|8482,46|||20230727||
VE|Ventes|VE00109|20230106|411000|Clients|C00009|CLIENT IOTA|VE013116|20230106|FACT CLIENT CLIENT GAMMA 463195|8744,16|0,00|||20230107||
VE|Ventes|VE00109|20230106|416000|Clients douteux|||VE013116|20230106|FACT CLIENT CLIENT GAMMA 463195|0,00|8744,16|||20230107||
VE|Ventes|VE00110|20231012|416000|Clients douteux|||VE106623|20231012|FACT CLIENT CLIENT DELTA 486756|267,58|0,00|||20231017||
VE|Ventes|VE00110|20231012|580000|Virements internes|||VE106623|20231012|FACT CLIENT CLIENT DELTA 486756|0,00|267,58|||20231017||
VE|Ventes|VE00111|20230130|701000|Ventes de produits finis|||VE014874|20230130|FACT CLIENT CLIENT DELTA 58869|1219,25|0,00|||20230203||
VE|Ventes|VE00111|20230130|626000|Frais postaux et de telecommunications|||VE014874|20230130|FACT CLIENT CLIENT DELTA 58869|0,00|1219,25|||20230203||
VE|Ventes|VE00112|20231117|701000|Ventes de produits finis|||VE119393|20231117|FACT CLIENT CLIENT DELTA 720376|1680,64|0,00|||20231118||
VE|Ventes|VE00112|20231117|590000|Depreciation des valeurs mobilieres de placement|||VE119393|20231117|FACT CLIENT CLIENT DELTA 720376|0,00|1680,64|||20231118||
VE|Ventes|VE00113|20231110|707000|Ventes de marchandises|||VE114883|20231110|FACT CLIENT CLIENT ALPHA 91154|37,75|0,00|||20231112||
VE|Ventes|VE00113|20231110|486000|Charges constatees d'avance|||VE114883|20231110|FACT CLIENT CLIENT ALPHA 91154|0,00|37,75|||20231112||
VE|Ventes|VE00114|20230523|411000|Clients|C00003|CLIENT GAMMA|VE057693|20230523|FACT CLIENT CLIENT EPSILON 103367|854,52|0,00|||20230525||
VE|Ventes|VE00114|20230523|647000|Autres charges sociales|||VE057693|20230523|FACT CLIENT CLIENT EPSILON 103367|0,00|854,52|||20230525||
VE|Ventes|VE00115|20230606|706000|Prestations de services|||VE068465|20230606|FACT CLIENT CLIENT GAMMA 716417|1651,10|0,00|||20230606||
VE|Ventes|VE00115|20230606|758000|Produits divers de gestion courante|||VE068465|20230606|FACT CLIENT CLIENT GAMMA 716417|0,00|1651,10|||20230606||
VE|Ventes|VE00116|20231010|701000|Ventes de produits finis|||VE102167|20231010|FACT CLIENT CLIENT GAMMA 326992|479,61|0,00|||20231013||
VE|Ventes|VE00116|20231010|218100|Installations generales, agencements divers|||VE102167|20231010|FACT CLIENT CLIENT GAMMA 326992|0,00|479,61|||20231013||
VE|Ventes|VE00117|20230510|701000|Ventes de produits finis|||VE053466|20230510|FACT CLIENT CLIENT BETA 858278|310,25|0,00|||20230517||
VE|Ventes|VE00117|20230510|797000|Transferts de charges exceptionnelles|||VE053466|20230510|FACT CLIENT CLIENT BETA 858278|0,00|310,25|||20230517||
VE|Ventes|VE00118|20230426|701000|Ventes de produits finis|||VE048402|20230426|FACT CLIENT CLIENT ALPHA 784999|1557,66|0,00|||20230429||
VE|Ventes|VE00118|20230426|445870|TVA sur factures a etablir|||VE048402|20230426|FACT CLIENT CLIENT ALPHA 784999|0,00|1557,66|||20230429||
VE|Ventes|VE00119|20230823|708500|Ports et frais accessoires factures|||VE085485|20230823|FACT CLIENT CLIENT ALPHA 589305|359,08|0,00|||20230823||
VE|Ventes|VE00119|20230823|686500|Dot. provisions pour risques et charges financiers|||VE085485|20230823|FACT CLIENT CLIENT ALPHA 589305|0,00|359,08|||20230823||
VE|Ventes|VE00120|20230109|418100|Clients - Factures a etablir|||VE015325|20230109|FACT CLIENT CLIENT DELTA 356170|682,56|0,00|||20230116||
VE|Ventes|VE00120|20230109|120000|Resultat de l'exercice|||VE015325|20230109|FACT CLIENT CLIENT DELTA 356170|0,00|682,56|||20230116||
VE|Ventes|VE00121|20230907|706000|Prestations de services|||VE096622|20230907|FACT CLIENT CLIENT BETA 991870|1319,61|0,00|||20230911||
VE|Ventes|VE00121|20230907|403000|Fournisseurs - Effets a payer|||VE096622|20230907|FACT CLIENT CLIENT BETA 991870|0,00|1319,61|||20230911||
VE|Ventes|VE00122|20230612|413000|Clients - Effets a recevoir|||VE068025|20230612|FACT CLIENT CLIENT EPSILON 704905|123,14|0,00|||20230618||
VE|Ventes|VE00122|20230612|626000|Frais postaux et de telecommunications|||VE068025|20230612|FACT CLIENT CLIENT EPSILON 704905|0,00|123,14|||20230618||
VE|Ventes|VE00123|20231219|418100|Clients - Factures a etablir|||VE125508|20231219|FACT CLIENT CLIENT EPSILON 37193|537,53|0,00|||20231221||
VE|Ventes|VE00123|20231219|445870|TVA sur factures a etablir|||VE125508|20231219|FACT CLIENT CLIENT EPSILON 37193|0,00|537,53|||20231221||
VE|Ventes|VE00124|20230510|413000|Clients - Effets a recevoir|||VE056153|20230510|FACT CLIENT CLIENT EPSILON 186852|769,81|0,00|||20230517||
VE|Ventes|VE00124|20230510|370000|Marchandises|||VE056153|20230510|FACT CLIENT CLIENT EPSILON 186852|0,00|769,81|||20230517||
VE|Ventes|VE00125|20230224|416000|Clients douteux|||VE029572|20230224|FACT CLIENT CLIENT EPSILON 177784|224,06|0,00|||20230225||
VE|Ventes|VE00125|20230224|518700|Interets courus a recevoir|||VE029572|20230224|FACT CLIENT CLIENT EPSILON 177784|0,00|224,06|||20230225||
VE|Ventes|VE00126|20230824|707000|Ventes de marchandises|||VE082351|20230824|FACT CLIENT CLIENT BETA 759010|464,48|0,00|||20230824||
VE|Ventes|VE00126|20230824|165000|Depots et cautionnements recus|||VE082351|20230824|FACT CLIENT CLIENT BETA 759010|0,00|464,48|||20230824||
VE|Ventes|VE00127|20230307|419100|Clients - Avances et acomptes recus|||VE035887|20230307|FACT CLIENT CLIENT EPSILON 455627|288,77|0,00|||20230309||
VE|Ventes|VE00127|20230307|791000|Transferts de charges d'exploitation|||VE035887|20230307|FACT CLIENT CLIENT EPSILON 455627|0,00|288,77|||20230309||
VE|Ventes|VE00128|20231229|706000|Prestations de services|||VE126748|20231229|FACT CLIENT CLIENT EPSILON 96559|570,89|0,00|||20231231||
VE|Ventes|VE00128|20231229|681110|Dot. amort. sur immo. incorporelles|||VE126748|20231229|FACT CLIENT CLIENT EPSILON 96559|0,00|570,89|||20231231||
VE|Ventes|VE00129|20230804|708500|Ports et frais accessoires factures|||VE081294|20230804|FACT CLIENT CLIENT ALPHA 999848|1667,60|0,00|||20230805||
VE|Ventes|VE00129|20230804|606800|Autres matieres et fournitures|||VE081294|20230804|FACT CLIENT CLIENT ALPHA 999848|0,00|1667,60|||20230805||
VE|Ventes|VE00130|20230327|707000|Ventes de marchandises|||VE032182|20230327|FACT CLIENT CLIENT GAMMA 660912|686,46|0,00|||20230330||
VE|Ventes|VE00130|20230327|371000|Stock de marchandises|||VE032182|20230327|FACT CLIENT CLIENT GAMMA 660912|0,00|686,46|||20230330||
VE|Ventes|VE00131|20230929|411000|Clients|C00001|CLIENT ALPHA|VE093086|20230929|FACT CLIENT CLIENT ALPHA 12394|6336,27|0,00|||20231004||
VE|Ventes|VE00131|20230929|409100|Fournisseurs - Avances et acomptes verses|||VE093086|20230929|FACT CLIENT CLIENT ALPHA 12394|0,00|6336,27|||20231004||
VE|Ventes|VE00132|20230610|411000|Clients|C00004|CLIENT DELTA|VE066598|20230606|FACT CLIENT CLIENT ALPHA 297776|2403,03|0,00|V2|20231216|20230609||
VE|Ventes|VE00132|20230606|681120|Dot. amort. sur immo. corporelles|||VE066598|20230606|FACT CLIENT CLIENT ALPHA 297776|0,00|2403,03|||20230609||
VE|Ventes|VE00133|20230417|709000|Rabais, remises et ristournes accordes|||VE047894|20230417|FACT CLIENT CLIENT ALPHA 811470|34,26|0,00|||20230421||
VE|Ventes|VE00133|20230417|120000|Resultat de l'exercice|||VE047894|20230417|FACT CLIENT CLIENT ALPHA 811470|0,00|34,26|||20230421||
VE|Ventes|VE00134|20230317|706000|Prestations de services|||VE034971|20230317|FACT CLIENT CLIENT DELTA 578153|234,90|0,00|||20230319||
VE|Ventes|VE00134|20230317|664000|Pertes sur cessions de valeurs mobilieres de placement|||VE034971|20230317|FACT CLIENT CLIENT DELTA 578153|0,00|234,90|||20230319||
VE|Ventes|VE00135|20230512|706000|Prestations de services|||VE052424|20230512|FACT CLIENT CLIENT ALPHA 688640|919,40|0,00|||20230515||
VE|Ventes|VE00135|20230512|215400|Materiel industriel|||VE052424|20230512|FACT CLIENT CLIENT ALPHA 688640|0,00|919,40|||20230515||
VE|Ventes|VE00136|20231219|707000|Ventes de marchandises|||VE122850|20231219|FACT CLIENT CLIENT GAMMA 327263|1364,39|0,00|||20231219||
VE|Ventes|VE00136|20231219|445620|TVA deductible sur immobilisations|||VE122850|20231219|FACT CLIENT CLIENT GAMMA 327263|0,00|1364,39|||20231219||
VE|Ventes|VE00137|20231013|701000|Ventes de produits finis|||VE107877|20231013|FACT CLIENT CLIENT GAMMA 774300|1045,09|0,00|||20231019||
VE|Ventes|VE00137|20231013|606800|Autres matieres et fournitures|||VE107877|20231013|FACT CLIENT CLIENT GAMMA 774300|0,00|1045,09|||20231019||
VE|Ventes|VE00138|20230103|416000|Clients douteux|||VE012362|20230103|FACT CLIENT CLIENT GAMMA 263166|313,55|0,00|||20230105||
VE|Ventes|VE00138|20230103|622700|Frais d'actes et de contentieux|||VE012362|20230103|FACT CLIENT CLIENT GAMMA 263166|0,00|313,55|||20230105||
VE|Ventes|VE00139|20230215|708500|Ports et frais accessoires factures|||VE027926|20230215|FACT CLIENT CLIENT GAMMA 612430|175,51|0,00|||20230217||
VE|Ventes|VE00139|20230215|602200|Achats de fournitures consommables|||VE027926|20230215|FACT CLIENT CLIENT GAMMA 612430|0,00|175,51|||20230217||
VE|Ventes|VE00140|20230714|706000|Prestations de services|||VE074735|20230714|FACT CLIENT CLIENT GAMMA 367761|81,76|0,00|||20230714||
VE|Ventes|VE00140|20230714|408400|Fournisseurs d'immobilisations - Factures non parvenues|||VE074735|20230714|FACT CLIENT CLIENT GAMMA 367761|0,00|81,76|||20230714||
VE|Ventes|VE00141|20231013|707000|Ventes de marchandises|||VE107159|20231013|FACT CLIENT CLIENT BETA 303887|1391,93|0,00|||20231015||
VE|Ventes|VE00141|20231013|763000|Revenus des autres creances|||VE107159|20231013|FACT CLIENT CLIENT BETA 303887|0,00|1391,93|||20231015||
VE|Ventes|VE00142|20230904|701000|Ventes de produits finis|||VE091443|20230904|FACT CLIENT CLIENT GAMMA 365538|928,44|0,00|||20230908||
VE|Ventes|VE00142|20230904|763000|Revenus des autres creances|||VE091443|20230904|FACT CLIENT CLIENT GAMMA 365538|0,00|928,44|||20230908||
VE|Ventes|VE00143|20230331|708500|Ports et frais accessoires factures|||VE031130|20230331|FACT CLIENT CLIENT BETA 433531|334,12|0,00|||20230404||
VE|Ventes|VE00143|20230331|758000|Produits divers de gestion courante|||VE031130|20230331|FACT CLIENT CLIENT BETA 433531|0,00|334,12|||20230404||
VE|Ventes|VE00144|20231124|411000|Clients|C00008|CLIENT THETA|VE111103|20231124|FACT CLIENT CLIENT GAMMA 480015|4999,61|0,00|||20231128||
VE|Ventes|VE00144|20231124|455000|Associes - Comptes courants|||VE111103|20231124|FACT CLIENT CLIENT GAMMA 480015|0,00|4999,61|||20231128||
VE|Ventes|VE00145|20230224|416000|Clients douteux|||VE029892|20230224|FACT CLIENT CLIENT DELTA 811580|701,38|0,00|||20230303||
VE|Ventes|VE00145|20230224|713000|Variation des stocks|||VE029892|20230224|FACT CLIENT CLIENT DELTA 811580|0,00|701,38|||20230303||
VE|Ventes|VE00146|20230901|413000|Clients - Effets a recevoir|||VE093588|20230901|FACT CLIENT CLIENT ALPHA 477159|434,89|0,00|||20230902||
VE|Ventes|VE00146|20230901|706000|Prestations de services|||VE093588|20230901|FACT CLIENT CLIENT ALPHA 477159|0,00|434,89|||20230902||
VE|Ventes|VE00147|20231009|418100|Clients - Factures a etablir|||VE106866|20231009|FACT CLIENT CLIENT BETA 781194|53,87|0,00|||20231014||
VE|Ventes|VE00147|20231009|626000|Frais postaux et de telecommunications|||VE106866|20231009|FACT CLIENT CLIENT BETA 781194|0,00|53,87|||20231014||
VE|Ventes|VE00148|20230526|413000|Clients - Effets a recevoir|||VE058423|20230526|FACT CLIENT CLIENT EPSILON 171905|223,57|0,00|||20230528||
VE|Ventes|VE00148|20230526|281830|Amort. materiel de bureau|||VE058423|20230526|FACT CLIENT CLIENT EPSILON 171905|0,00|223,57|||20230528||
VE|Ventes|VE00149|20230403|413000|Clients - Effets a recevoir|||VE043842|20230403|FACT CLIENT CLIENT ALPHA 452807|884,11|0,00|||20230405||
VE|Ventes|VE00149|20230403|627000|Services bancaires et assimiles|||VE043842|20230403|FACT CLIENT CLIENT ALPHA 452807|0,00|884,11|||20230405||
VE|Ventes|VE00150|20230125|411000|Clients|C00007|CLIENT ETA|VE018391|20230125|FACT CLIENT CLIENT GAMMA 938269|2241,37|0,00|||20230128||
VE|Ventes|VE00150|20230125|698000|Integration fiscale - Charges|||VE018391|20230125|FACT CLIENT CLIENT GAMMA 938269|0,00|2241,37|||20230128||
VE|Ventes|VE00151|20230705|418100|Clients - Factures a etablir|||VE075714|20230705|FACT CLIENT CLIENT DELTA 749584|474,99|0,00|||20230709||
VE|Ventes|VE00151|20230705|763000|Revenus des autres creances|||VE075714|20230705|FACT CLIENT CLIENT DELTA 749584|0,00|474,99|||20230709||
VE|Ventes|VE00152|20231009|416000|Clients douteux|||VE107257|20231009|FACT CLIENT CLIENT EPSILON 802168|932,82|0,00|||20231014||
VE|Ventes|VE00152|20231009|101000|Capital social|||VE107257|20231009|FACT CLIENT CLIENT EPSILON 802168|0,00|932,82|||20231014||
