JournalCode|JournalLib|EcritureNum|EcritureDate|CompteNum|CompteLib|CompAuxNum|CompAuxLib|PieceRef|PieceDate|EcritureLib|Debit|Credit|EcritureLet|DateLet|ValidDate|Montantdevise|Idevise
AC|Achats|AC00001|20230908|625600|Missions|||AC099122|20230908|FACT 250207 ELECTRICITE DE FRANCE|1409,60|0,00|||20230914||
AC|Achats|AC00001|20230908|445520|TVA due intracommunautaire|||AC099122|20230908|FACT 250207 ELECTRICITE DE FRANCE|0,00|1409,60|||20230914||
AC|Achats|AC00002|20230419|607000|Achats de marchandises|||AC049962|20230419|FACT 250224 DALKIA FRANCE|1430,57|0,00|||20230419||
AC|Achats|AC00002|20230419|487000|Produits constates d'avance|||AC049962|20230419|FACT 250224 DALKIA FRANCE|0,00|1430,57|||20230419||
AC|Achats|AC00003|20230322|602260|Achats d'emballages|||AC031771|20230322|FACT 250220 PAPETERIE EXPRESS|826,68|0,00|||20230322||
AC|Achats|AC00003|20230322|437000|Autres organismes sociaux|||AC031771|20230322|FACT 250220 PAPETERIE EXPRESS|0,00|826,68|||20230322||
AC|Achats|AC00004|20230807|618100|Documentation generale|||AC087110|20230807|FACT 250227 FOURNITURES BUREAU|999,34|0,00|||20230808||
AC|Achats|AC00004|20230807|445520|TVA due intracommunautaire|||AC087110|20230807|FACT 250227 FOURNITURES BUREAU|0,00|999,34|||20230808||
AC|Achats|AC00005|20230112|621000|Personnel exterieur a l'entreprise|||AC018394|20230112|FACT 250213 ELECTRICITE DE FRANCE|222,39|0,00|||20230114||
AC|Achats|AC00005|20230112|404000|Fournisseurs d'immobilisations|||AC018394|20230112|FACT 250213 ELECTRICITE DE FRANCE|0,00|222,39|||20230114||
AC|Achats|AC00006|20230928|628100|Concours divers (cotisations...)|||AC097284|20230928|FACT 250129 ELECTRICITE DE FRANCE|1651,37|0,00|||20231002||
AC|Achats|AC00006|20230928|445520|TVA due intracommunautaire|||AC097284|20230928|FACT 250129 ELECTRICITE DE FRANCE|0,00|1651,37|||20231002||
AC|Achats|AC00007|20230324|618100|Documentation generale|||AC032653|20230324|FACT 250119 PAPETERIE EXPRESS|1924,74|0,00|||20230329||
AC|Achats|AC00007|20230324|416000|Clients douteux|||AC032653|20230324|FACT 250119 PAPETERIE EXPRESS|0,00|1924,74|||20230329||
AC|Achats|AC00008|20230302|608500|Frais accessoires d'achat|||AC034855|20230302|FACT 250204 PAPETERIE EXPRESS|1856,71|0,00|||20230303||
AC|Achats|AC00008|20230302|404000|Fournisseurs d'immobilisations|||AC034855|20230302|FACT 250204 PAPETERIE EXPRESS|0,00|1856,71|||20230303||
AC|Achats|AC00009|20230508|621000|Personnel exterieur a l'entreprise|||AC052413|20230508|FACT 250227 TELECOM SAS|513,12|0,00|||20230513||
AC|Achats|AC00009|20230508|419100|Clients - Avances et acomptes recus|||AC052413|20230508|FACT 250227 TELECOM SAS|0,00|513,12|||20230513||
AC|Achats|AC00010|20230814|401000|Fournisseurs|F00003|FOURNITURES BUREAU DIRECT|AC083193|20230814|FACT 250121 PAPETERIE EXPRESS|3636,00|0,00|||20230821||
AC|Achats|AC00010|20230814|512000|Banque principale|||AC083193|20230814|FACT 250121 PAPETERIE EXPRESS|0,00|3636,00|||20230821||
AC|Achats|AC00011|20230214|606100|Electricite, gaz, eau|||AC021191|20230214|FACT 250208 ELECTRICITE DE FRANCE|460,86|0,00|||20230214||
AC|Achats|AC00011|20230214|419100|Clients - Avances et acomptes recus|||AC021191|20230214|FACT 250208 ELECTRICITE DE FRANCE|0,00|460,86|||20230214||
AC|Achats|AC00012|20230818|606800|Autres matieres et fournitures|||AC083289|20230818|FACT 250204 PAPETERIE EXPRESS|941,98|0,00|||20230820||
AC|Achats|AC00012|20230818|518700|Interets courus a recevoir|||AC083289|20230818|FACT 250204 PAPETERIE EXPRESS|0,00|941,98|||20230820||
AC|Achats|AC00013|20231208|613200|Locations immobilieres|||AC126001|20231208|FACT 250103 PAPETERIE EXPRESS|1720,22|0,00|||20231214||
AC|Achats|AC00013|20231208|487000|Produits constates d'avance|||AC126001|20231208|FACT 250103 PAPETERIE EXPRESS|0,00|1720,22|||20231214||
AC|Achats|AC00014|20230307|615200|Entretien et reparations sur biens immobiliers|||AC038107|20230307|FACT 250211 FOURNITURES BUREAU|1159,11|0,00|||20230309||
AC|Achats|AC00014|20230307|401000|Fournisseurs|F00003|FOURNITURES BUREAU DIRECT|AC038107|20230307|FACT 250211 FOURNITURES BUREAU|0,00|1159,11|||20230309||
AC|Achats|AC00015|20230112|623100|Annonces et insertions|||AC016045|20230112|FACT 250127 DALKIA FRANCE|39,33|0,00|||20230119||
AC|Achats|AC00015|20230112|445710|TVA collectee a payer|||AC016045|20230112|FACT 250127 DALKIA FRANCE|0,00|39,33|||20230119||
AC|Achats|AC00016|20230426|623000|Publicite, publications, relations publiques|||AC045951|20230426|FACT 250128 ELECTRICITE DE FRANCE|1856,66|0,00|||20230501||
AC|Achats|AC00016|20230426|418100|Clients - Factures a etablir|||AC045951|20230426|FACT 250128 ELECTRICITE DE FRANCE|0,00|1856,66|||20230501||
AC|Achats|AC00017|20231228|618500|Frais de colloques, seminaires, conferences|||AC129089|20231228|FACT 250109 FOURNITURES BUREAU|1296,90|0,00|||20231229||
AC|Achats|AC00017|20231228|408100|Fournisseurs - Factures non parvenues|||AC129089|20231228|FACT 250109 FOURNITURES BUREAU|0,00|1296,90|||20231229||
AC|Achats|AC00018|20230505|623000|Publicite, publications, relations publiques|||AC052867|20230505|FACT 250222 FOURNITURES BUREAU|1705,27|0,00|||20230512||
AC|Achats|AC00018|20230505|411000|Clients|C00010|CLIENT KAPPA|AC052867|20230505|FACT 250222 FOURNITURES BUREAU|0,00|1705,27|||20230512||
AC|Achats|AC00019|20231027|401000|Fournisseurs|F00008|TRANSPORT EXPRESS|AC102621|20231027|FACT 250105 FOURNITURES BUREAU|7000,99|0,00|T6|20231229|20231027||
AC|Achats|AC00019|20231027|530000|Caisse|||AC102621|20231027|FACT 250105 FOURNITURES BUREAU|0,00|7000,99|||20231027||
AC|Achats|AC00020|20230804|616000|Primes d'assurance|||AC086040|20230804|FACT 250103 FOURNITURES BUREAU|1423,81|0,00|||20230806||
AC|Achats|AC00020|20230804|447100|Autres impots, taxes et versements assimiles|||AC086040|20230804|FACT 250103 FOURNITURES BUREAU|0,00|1423,81|||20230806||
AC|Achats|AC00021|20230404|621000|Personnel exterieur a l'entreprise|||AC041519|20230404|FACT 250216 PAPETERIE EXPRESS|12,84|0,00|||20230410||
AC|Achats|AC00021|20230404|487000|Produits constates d'avance|||AC041519|20230404|FACT 250216 PAPETERIE EXPRESS|0,00|12,84|||20230410||
AC|Achats|AC00022|20230901|618100|Documentation generale|||AC098139|20230901|FACT 250128 DALKIA FRANCE|1731,31|0,00|||20230908||
AC|Achats|AC00022|20230901|500000|Valeurs mobilieres de placement|||AC098139|20230901|FACT 250128 DALKIA FRANCE|0,00|1731,31|||20230908||
AC|Achats|AC00023|20230317|614000|Charges locatives|||AC032114|20230317|FACT 250124 DALKIA FRANCE|1401,24|0,00|||20230319||
AC|Achats|AC00023|20230317|445620|TVA deductible sur immobilisations|||AC032114|20230317|FACT 250124 DALKIA FRANCE|0,00|1401,24|||20230319||
AC|Achats|AC00024|20230912|615200|Entretien et reparations sur biens immobiliers|||AC096519|20230912|FACT 250209 PAPETERIE EXPRESS|877,70|0,00|||20230919||
AC|Achats|AC00024|20230912|590000|Depreciation des valeurs mobilieres de placement|||AC096519|20230912|FACT 250209 PAPETERIE EXPRESS|0,00|877,70|||20230919||
AC|Achats|AC00025|20230428|608500|Frais accessoires d'achat|||AC041927|20230428|FACT 250117 TELECOM SAS|265,93|0,00|||20230505||
AC|Achats|AC00025|20230428|403000|Fournisseurs - Effets a payer|||AC041927|20230428|FACT 250117 TELECOM SAS|0,00|265,93|||20230505||
AC|Achats|AC00026|20230503|622600|Honoraires|||AC054893|20230503|FACT 250106 TELECOM SAS|1742,36|0,00|||20230505||
AC|Achats|AC00026|20230503|467000|Autres comptes debiteurs ou crediteurs|||AC054893|20230503|FACT 250106 TELECOM SAS|0,00|1742,36|||20230505||
AC|Achats|AC00027|20230111|623100|Annonces et insertions|||AC012851|20230111|FACT 250106 PAPETERIE EXPRESS|1985,32|0,00|||20230117||
AC|Achats|AC00027|20230111|425000|Personnel - Avances et acomptes|||AC012851|20230111|FACT 250106 PAPETERIE EXPRESS|0,00|1985,32|||20230117||
AC|Achats|AC00028|20231228|602260|Achats d'emballages|||AC122408|20231228|FACT 250127 PAPETERIE EXPRESS|105,55|0,00|||20231229||
AC|Achats|AC00028|20231228|416000|Clients douteux|||AC122408|20231228|FACT 250127 PAPETERIE EXPRESS|0,00|105,55|||20231229||
AC|Achats|AC00029|20230113|606400|Fournitures administratives|||AC018987|20230113|FACT 250213 DALKIA FRANCE|130,00|0,00|||20230120||
AC|Achats|AC00029|20230113|486000|Charges constatees d'avance|||AC018987|20230113|FACT 250213 DALKIA FRANCE|0,00|130,00|||20230120||
AC|Achats|AC00030|20230307|614000|Charges locatives|||AC039684|20230307|FACT 250120 DALKIA FRANCE|1093,63|0,00|||20230311||
AC|Achats|AC00030|20230307|467000|Autres comptes debiteurs ou crediteurs|||AC039684|20230307|FACT 250120 DALKIA FRANCE|0,00|1093,63|||20230311||
AC|Achats|AC00031|20230505|602100|Achats de matieres consommables|||BQ095670|20230505|FACT 250226 TELECOM SAS|1389,00|0,00|||20230506||
AC|Achats|AC00031|20230505|411000|Clients|C00006|CLIENT ZETA|AC053643|20230505|FACT 250226 TELECOM SAS|0,00|1389,00|||20230506||
AC|Achats|AC00032|20230201|623400|Cadeaux a la clientele|||AC021939|20230201|FACT 250123 ELECTRICITE DE FRANCE|1225,75|0,00|||20230204||
AC|Achats|AC00032|20230201|445870|TVA sur factures a etablir|||AC021939|20230201|FACT 250123 ELECTRICITE DE FRANCE|0,00|1225,75|||20230204||
AC|Achats|AC00033|20230629|602260|Achats d'emballages|||AC066843|20230629|FACT 250125 PAPETERIE EXPRESS|727,57|0,00|||20230629||
AC|Achats|AC00033|20230629|590000|Depreciation des valeurs mobilieres de placement|||AC066843|20230629|FACT 250125 PAPETERIE EXPRESS|0,00|727,57|||20230629||
AC|Achats|AC00034|20231016|622600|Honoraires|||AC102396|20231016|FACT 250120 DALKIA FRANCE|825,03|0,00|||20231023||
AC|Achats|AC00034|20231016|419100|Clients - Avances et acomptes recus|||AC102396|20231016|FACT 250120 DALKIA FRANCE|0,00|825,03|||20231023||
AC|Achats|AC00035|20230609|627000|Services bancaires et assimiles|||BQ018468|20230609|FACT 250118 DALKIA FRANCE|655,82|0,00|||20230615||
AC|Achats|AC00035|20230609|445660|TVA deductible sur ABS|||AC062331|20230609|FACT 250118 DALKIA FRANCE|0,00|655,82|||20230615||
AC|Achats|AC00036|20230614|602200|Achats de fournitures consommables|||AC063671|20230614|FACT 250115 PAPETERIE EXPRESS|1900,00|0,00|||20230614||
AC|Achats|AC00036|20230614|530000|Caisse|||AC063671|20230614|FACT 250115 PAPETERIE EXPRESS|0,00|1900,00|||20230614||
AC|Achats|AC00037|20230616|627000|Services bancaires et assimiles|||AC062304|20230616|FACT 250116 FOURNITURES BUREAU|698,45|0,00|||20230622||
AC|Achats|AC00037|20230616|590000|Depreciation des valeurs mobilieres de placement|||AC062304|20230616|FACT 250116 FOURNITURES BUREAU|0,00|698,45|||20230622||
AC|Achats|AC00038|20230721|614000|Charges locatives|||AC079160|20230721|FACT 250124 FOURNITURES BUREAU|1921,00|0,00|||20230721||
AC|Achats|AC00038|20230721|590000|Depreciation des valeurs mobilieres de placement|||AC079160|20230721|FACT 250124 FOURNITURES BUREAU|0,00|1921,00|||20230721||
AC|Achats|AC00039|20231117|625700|Receptions|||AC119117|20231117|FACT 250218 PAPETERIE EXPRESS|1727,48|0,00|||20231123||
AC|Achats|AC00039|20231117|445520|TVA due intracommunautaire|||AC119117|20231117|FACT 250218 PAPETERIE EXPRESS|0,00|1727,48|||20231123||
AC|Achats|AC00040|20231120|622600|Honoraires|||AC119475|20231120|FACT 250220 PAPETERIE EXPRESS|1191,00|0,00|||20231120||
AC|Achats|AC00040|20231120|512100|Banque secondaire|||AC119475|20231120|FACT 250220 PAPETERIE EXPRESS|0,00|1191,00|||20231120||
AC|Achats|AC00041|20230308|622700|Frais d'actes et de contentieux|||AC038773|20230308|FACT 250208 FOURNITURES BUREAU|825,57|0,00|||20230310||
AC|Achats|AC00041|20230308|445670|TVA collectee|||AC038773|20230308|FACT 250208 FOURNITURES BUREAU|0,00|825,57|||20230310||
AC|Achats|AC00042|20230705|615500|Entretien et reparations sur biens mobiliers|||AC077239|20230705|FACT 250115 TELECOM SAS|929,90|0,00|||20230706||
AC|Achats|AC00042|20230705|416000|Clients douteux|||AC077239|20230705|FACT 250115 TELECOM SAS|0,00|929,90|||20230706||
AC|Achats|AC00043|20230620|625100|Voyages et deplacements|||AC067954|20230620|FACT 250202 FOURNITURES BUREAU|301,78|0,00|||20230623||
AC|Achats|AC00043|20230620|530000|Caisse|||AC067954|20230620|FACT 250202 FOURNITURES BUREAU|0,00|301,78|||20230623||
AC|Achats|AC00044|20230707|401000|Fournisseurs|F00009|NETTOYAGE SERVICE|AC075794|20230707|FACT 250209 TELECOM SAS|2542,29|0,00|||20230708||
AC|Achats|AC00044|20230707|512100|Banque secondaire|||AC075794|20230707|FACT 250209 TELECOM SAS|0,00|2542,29|||20230708||
AC|Achats|AC00045|20230224|601000|Achats de matieres premieres|||AC029082|20230224|FACT 250130 FOURNITURES BUREAU|1296,56|0,00|||20230227||
AC|Achats|AC00045|20230224|511000|Valeurs a l'encaissement|||AC029082|20230224|FACT 250130 FOURNITURES BUREAU|0,00|1296,56|||20230227||
AC|Achats|AC00046|20231225|606300|Fournitures d'entretien et petit equipement|||AC128398|20231225|FACT 250219 FOURNITURES BUREAU|1038,22|0,00|||20231229||
AC|Achats|AC00046|20231225|455000|Associes - Comptes courants|||AC128398|20231225|FACT 250219 FOURNITURES BUREAU|0,00|1038,22|||20231229||
AC|Achats|AC00047|20230714|626000|Frais postaux et de telecommunications|||AC072039|20230714|FACT 250105 FOURNITURES BUREAU|12,22|0,00|||20230719||
AC|Achats|AC00047|20230714|401000|Fournisseurs|F00007|ASSURANCE GENERALI|AC072039|20230714|FACT 250105 FOURNITURES BUREAU|0,00|12,22|||20230719||
AC|Achats|AC00048|20230306|623100|Annonces et insertions|||AC036289|20230306|FACT 250205 DALKIA FRANCE|898,70|0,00|||20230312||
AC|Achats|AC00048|20230306|445520|TVA due intracommunautaire|||AC036289|20230306|FACT 250205 DALKIA FRANCE|0,00|898,70|||20230312||
AC|Achats|AC00049|20230217|608500|Frais accessoires d'achat|||AC028366|20230217|FACT 250103 FOURNITURES BUREAU|812,02|0,00|||20230220||
AC|Achats|AC00049|20230217|445620|TVA deductible sur immobilisations|||AC028366|20230217|FACT 250103 FOURNITURES BUREAU|0,00|812,02|||20230220||
AC|Achats|AC00050|20231124|612000|Redevances de credit-bail|||AC115780|20231124|FACT 250207 ELECTRICITE DE FRANCE|415,64|0,00|||20231124||
AC|Achats|AC00050|20231124|441000|Etat - Impot sur les benefices|||AC115780|20231124|FACT 250207 ELECTRICITE DE FRANCE|0,00|415,64|||20231124||
AC|Achats|AC00051|20230207|613500|Locations mobilieres|||AC027890|20230207|FACT 250118 ELECTRICITE DE FRANCE|1514,35|0,00|||20230209||
AC|Achats|AC00051|20230207|445620|TVA deductible sur immobilisations|||AC027890|20230207|FACT 250118 ELECTRICITE DE FRANCE|0,00|1514,35|||20230209||
AC|Achats|AC00052|20230102|616000|Primes d'assurance|||AC014246|20230102|FACT 250128 ELECTRICITE DE FRANCE|384,82|0,00|||20230108||
AC|Achats|AC00052|20230102|425000|Personnel - Avances et acomptes|||AC014246|20230102|FACT 250128 ELECTRICITE DE FRANCE|0,00|384,82|||20230108||
AC|Achats|AC00053|20230615|606300|Fournitures d'entretien et petit equipement|||AC062951|20230615|FACT 250225 ELECTRICITE DE FRANCE|1199,08|0,00|||20230615||
AC|Achats|AC00053|20230615|512000|Banque principale|||AC062951|20230615|FACT 250225 ELECTRICITE DE FRANCE|0,00|1199,08|||20230615||
AC|Achats|AC00054|20230131|606100|Electricite, gaz, eau|||AC017800|20230131|FACT 250201 FOURNITURES BUREAU|1063,20|0,00|||20230131||
AC|Achats|AC00054|20230131|445660|TVA deductible sur ABS|||AC017800|20230131|FACT 250201 FOURNITURES BUREAU|0,00|1063,20|||20230131||
AC|Achats|AC00055|20230922|615600|Maintenance|||AC097948|20230922|FACT 250118 DALKIA FRANCE|928,08|0,00|||20230923||
AC|Achats|AC00055|20230922|413000|Clients - Effets a recevoir|||AC097948|20230922|FACT 250118 DALKIA FRANCE|0,00|928,08|||20230923||
AC|Achats|AC00056|20231004|613500|Locations mobilieres|||AC108885|20231004|FACT 250116 DALKIA FRANCE|27,07|0,00|||20231011||
AC|Achats|AC00056|20231004|530000|Caisse|||AC108885|20231004|FACT 250116 DALKIA FRANCE|0,00|27,07|||20231011||
AC|Achats|AC00057|20230511|623100|Annonces et insertions|||AC059103|20230511|FACT 250202 PAPETERIE EXPRESS|1908,43|0,00|||20230514||
AC|Achats|AC00057|20230511|416000|Clients douteux|||AC059103|20230511|FACT 250202 PAPETERIE EXPRESS|0,00|1908,43|||20230514||
AC|Achats|AC00058|20231124|614000|Charges locatives|||AC114306|20231124|FACT 250205 ELECTRICITE DE FRANCE|679,90|0,00|||20231125||
AC|Achats|AC00058|20231124|487000|Produits constates d'avance|||AC114306|20231124|FACT 250205 ELECTRICITE DE FRANCE|0,00|679,90|||20231125||
AC|Achats|AC00059|20231127|614000|Charges locatives|||AC115236|20231127|FACT 250120 PAPETERIE EXPRESS|1882,81|0,00|||20231204||
AC|Achats|AC00059|20231127|408400|Fournisseurs d'immobilisations - Factures non parvenues|||AC115236|20231127|FACT 250120 PAPETERIE EXPRESS|0,00|1882,81|||20231204||
AC|Achats|AC00060|20230512|628100|Concours divers (cotisations...)|||AC051576|20230512|FACT 250218 TELECOM SAS|294,11|0,00|||20230516||
AC|Achats|AC00060|20230512|590000|Depreciation des valeurs mobilieres de placement|||AC051576|20230512|FACT 250218 TELECOM SAS|0,00|294,11|||20230516||
AC|Achats|AC00061|20230427|602200|Achats de fournitures consommables|||AC045588|20230427|FACT 250207 FOURNITURES BUREAU|1260,11|0,00|||20230429||
AC|Achats|AC00061|20230427|445660|TVA deductible sur ABS|||AC045588|20230427|FACT 250207 FOURNITURES BUREAU|0,00|1260,11|||20230429||
AC|Achats|AC00062|20230715|606100|Electricite, gaz, eau|||AC073234|20230714|FACT 250208 TELECOM SAS|174,12|0,00|||20230717||
AC|Achats|AC00062|20230714|445510|TVA a decaisser|||AC073234|20230714|FACT 250208 TELECOM SAS|0,00|174,12|||20230717||
AC|Achats|AC00063|20230922|622600|Honoraires|||AC091887|20230922|FACT 250104 FOURNITURES BUREAU|1007,85|0,00|||20230927||
AC|Achats|AC00063|20230922|437000|Autres organismes sociaux|||AC091887|20230922|FACT 250104 FOURNITURES BUREAU|0,00|1007,85|||20230927||
AC|Achats|AC00064|20230619|615500|Entretien et reparations sur biens mobiliers|||AC061317|20230619|FACT 250222 PAPETERIE EXPRESS|1827,59|0,00|||20230626||
AC|Achats|AC00064|20230619|500000|Valeurs mobilieres de placement|||AC061317|20230619|FACT 250222 PAPETERIE EXPRESS|0,00|1827,59|||20230626||
AC|Achats|AC00065|20230628|614000|Charges locatives|||AC064134|20230628|FACT 250205 DALKIA FRANCE|292,92|0,00|||20230703||
AC|Achats|AC00065|20230628|438200|Charges sociales sur conges a payer|||AC064134|20230628|FACT 250205 DALKIA FRANCE|0,00|292,92|||20230703||
AC|Achats|AC00066|20230221|618500|Frais de colloques, seminaires, conferences|||AC021072|20230221|FACT 250109 ELECTRICITE DE FRANCE|1455,91|0,00|||20230228||
AC|Achats|AC00066|20230221|471000|Compte d'attente|||AC021072|20230221|FACT 250109 ELECTRICITE DE FRANCE|0,00|1455,91|||20230228||
AC|Achats|AC00067|20230529|612000|Redevances de credit-bail|||AC054946|20230529|FACT 250118 PAPETERIE EXPRESS|1068,01|0,00|||20230601||
AC|Achats|AC00067|20230529|418100|Clients - Factures a etablir|||AC054946|20230529|FACT 250118 PAPETERIE EXPRESS|0,00|1068,01|||20230601||
AC|Achats|AC00068|20231005|606400|Fournitures administratives|||AC109759|20231005|FACT 250121 FOURNITURES BUREAU|526,23|0,00|||20231005||
AC|Achats|AC00068|20231005|409100|Fournisseurs - Avances et acomptes verses|||AC109759|20231005|FACT 250121 FOURNITURES BUREAU|0,00|526,23|||20231005||
AC|Achats|AC00069|20230901|616000|Primes d'assurance|||AC098340|20230901|FACT 250203 PAPETERIE EXPRESS|1850,07|0,00|||20230906||
AC|Achats|AC00069|20230901|444000|Etat - Impots sur les benefices|||AC098340|20230901|FACT 250203 PAPETERIE EXPRESS|0,00|1850,07|||20230906||
AC|Achats|AC00070|20231026|621000|Personnel exterieur a l'entreprise|||AC108001|20231026|FACT 250201 PAPETERIE EXPRESS|1783,35|0,00|||20231101||
AC|Achats|AC00070|20231026|518100|Interets courus a payer|||AC108001|20231026|FACT 250201 PAPETERIE EXPRESS|0,00|1783,35|||20231101||
AC|Achats|AC00071|20231031|623100|Annonces et insertions|||AC107447|20231031|FACT 250106 PAPETERIE EXPRESS|82,49|0,00|||20231103||
AC|Achats|AC00071|20231031|508000|Interets courus sur VMP|||AC107447|20231031|FACT 250106 PAPETERIE EXPRESS|0,00|82,49|||20231103||
AC|Achats|AC00072|20230904|606400|Fournitures administratives|||AC092869|20230904|FACT 250114 PAPETERIE EXPRESS|1763,93|0,00|||20230910||
AC|Achats|AC00072|20230904|518100|Interets courus a payer|||AC092869|20230904|FACT 250114 PAPETERIE EXPRESS|0,00|1763,93|||20230910||
AC|Achats|AC00073|20230522|611000|Sous-traitance generale|||AC054064|20230522|FACT 250205 TELECOM SAS|1606,78|0,00|||20230526||
AC|Achats|AC00073|20230522|416000|Clients douteux|||AC054064|20230522|FACT 250205 TELECOM SAS|0,00|1606,78|||20230526||
AC|Achats|AC00074|20230926|602200|Achats de fournitures consommables|||AC094578|20230926|FACT 250206 DALKIA FRANCE|729,77|0,00|||20230929||
AC|Achats|AC00074|20230926|512000|Banque principale|||AC094578|20230926|FACT 250206 DALKIA FRANCE|0,00|729,77|||20230929||
AC|Achats|AC00075|20230113|602260|Achats d'emballages|||AC017856|20230113|FACT 250222 DALKIA FRANCE|1279,93|0,00|||20230117||
AC|Achats|AC00075|20230113|438200|Charges sociales sur conges a payer|||AC017856|20230113|FACT 250222 DALKIA FRANCE|0,00|1279,93|||20230117||
AC|Achats|AC00076|20231006|608500|Frais accessoires d'achat|||AC101166|20231006|FACT 250205 FOURNITURES BUREAU|1170,89|0,00|||20231011||
AC|Achats|AC00076|20231006|441000|Etat - Impot sur les benefices|||AC101166|20231006|FACT 250205 FOURNITURES BUREAU|0,00|1170,89|||20231011||
AC|Achats|AC00077|20230425|625100|Voyages et deplacements|||AC046275|20230425|FACT 250205 PAPETERIE EXPRESS|1585,63|0,00|||20230502||
AC|Achats|AC00077|20230425|408100|Fournisseurs - Factures non parvenues|||AC046275|20230425|FACT 250205 PAPETERIE EXPRESS|0,00|1585,63|||20230502||
AC|Achats|AC00078|20230419|623400|Cadeaux a la clientele|||AC043579|20230419|FACT 250225 PAPETERIE EXPRESS|1505,32|0,00|||20230420||
AC|Achats|AC00078|20230419|441000|Etat - Impot sur les benefices|||AC043579|20230419|FACT 250225 PAPETERIE EXPRESS|0,00|1505,32|||20230420||
AC|Achats|AC00079|20230206|623000|Publicite, publications, relations publiques|||AC027282|20230206|FACT 250205 TELECOM SAS|840,05|0,00|||20230206||
AC|Achats|AC00079|20230206|580000|Virements internes|||AC027282|20230206|FACT 250205 TELECOM SAS|0,00|840,05|||20230206||
AC|Achats|AC00080|20230608|623000|Publicite, publications, relations publiques|||AC067345|20230608|FACT 250115 FOURNITURES BUREAU|1099,90|0,00|||20230612||
AC|Achats|AC00080|20230608|500000|Valeurs mobilieres de placement|||AC067345|20230608|FACT 250115 FOURNITURES BUREAU|0,00|1099,90|||20230612||
AC|Achats|AC00081|20230908|607000|Achats de marchandises|||AC094284|20230908|FACT 250113 ELECTRICITE DE FRANCE|642,68|0,00|||20230912||
AC|Achats|AC00081|20230908|467000|Autres comptes debiteurs ou crediteurs|||AC094284|20230908|FACT 250113 ELECTRICITE DE FRANCE|0,00|642,68|||20230912||
AC|Achats|AC00082|20230509|615600|Maintenance|||AC055809|20230509|FACT 250217 DALKIA FRANCE|999,11|0,00|||20230514||
AC|Achats|AC00082|20230509|445660|TVA deductible sur ABS|||AC055809|20230509|FACT 250217 DALKIA FRANCE|0,00|999,11|||20230514||
AC|Achats|AC00083|20230929|622600|Honoraires|||AC097619|20230929|FACT 250218 ELECTRICITE DE FRANCE|445,10|0,00|||20231006||
AC|Achats|AC00083|20230929|445870|TVA sur factures a etablir|||AC097619|20230929|FACT 250218 ELECTRICITE DE FRANCE|0,00|445,10|||20231006||
AC|Achats|AC00084|20230714|607000|Achats de marchandises|||AC077287|20230714|FACT 250226 FOURNITURES BUREAU|1175,96|0,00|||20230721||
AC|Achats|AC00084|20230714|590000|Depreciation des valeurs mobilieres de placement|||AC077287|20230714|FACT 250226 FOURNITURES BUREAU|0,00|1175,96|||20230721||
AC|Achats|AC00085|20231020|602200|Achats de fournitures consommables|||AC103092|20231020|FACT 250215 DALKIA FRANCE|1189,29|0,00|||20231024||
AC|Achats|AC00085|20231020|401000|Fournisseurs|F00004|PAPETERIE EXPRESS|AC103092|20231020|FACT 250215 DALKIA FRANCE|0,00|1189,29|||20231024||
AC|Achats|AC00086|20230415|602200|Achats de fournitures consommables|||AC042379|20230412|FACT 250121 ELECTRICITE DE FRANCE|11,91|0,00|||20230418||
AC|Achats|AC00086|20230412|437000|Autres organismes sociaux|||AC042379|20230412|FACT 250121 ELECTRICITE DE FRANCE|0,00|11,91|||20230418||
AC|Achats|AC00087|20230428|622600|Honoraires|||AC042824|20230428|FACT 250118 DALKIA FRANCE|1953,03|0,00|||20230430||
AC|Achats|AC00087|20230428|441000|Etat - Impot sur les benefices|||AC042824|20230428|FACT 250118 DALKIA FRANCE|0,00|1953,03|||20230430||
AC|Achats|AC00088|20230801|625700|Receptions|||AC089238|20230801|FACT 250104 PAPETERIE EXPRESS|165,53|0,00|||20230805||
AC|Achats|AC00088|20230801|445620|TVA deductible sur immobilisations|||AC089238|20230801|FACT 250104 PAPETERIE EXPRESS|0,00|165,53|||20230805||
AC|Achats|AC00089|20230601|622600|Honoraires|||AC061444|20230601|FACT 250203 TELECOM SAS|729,11|0,00|||20230606||
AC|Achats|AC00089|20230601|401000|Fournisseurs|F00007|ASSURANCE GENERALI|AC061444|20230601|FACT 250203 TELECOM SAS|0,00|729,11|S2|20231212|20230606||
AC|Achats|AC00090|20230203|616000|Primes d'assurance|||AC021797|20230203|FACT 250204 PAPETERIE EXPRESS|351,94|0,00|||20230203||
AC|Achats|AC00090|20230203|437000|Autres organismes sociaux|||AC021797|20230203|FACT 250204 PAPETERIE EXPRESS|0,00|351,94|||20230203||
AC|Achats|AC00091|20230705|607000|Achats de marchandises|||AC074358|20230705|FACT 250108 DALKIA FRANCE|302,63|0,00|||20230711||
AC|Achats|AC00091|20230705|421000|Personnel - Remunerations dues|||AC074358|20230705|FACT 250108 DALKIA FRANCE|0,00|302,63|||20230711||
AC|Achats|AC00092|20230106|615200|Entretien et reparations sur biens immobiliers|||AC013370|20230106|FACT 250203 FOURNITURES BUREAU|1928,35|0,00|||20230108||
AC|Achats|AC00092|20230106|491000|Depreciation des comptes clients|||AC013370|20230106|FACT 250203 FOURNITURES BUREAU|0,00|1928,35|||20230108||
AC|Achats|AC00093|20230601|606100|Electricite, gaz, eau|||AC064571|20230601|FACT 250220 DALKIA FRANCE|1129,65|0,00|||20230603||
AC|Achats|AC00093|20230601|413000|Clients - Effets a recevoir|||AC064571|20230601|FACT 250220 DALKIA FRANCE|0,00|1129,65|||20230603||
AC|Achats|AC00094|20231110|401000|Fournisseurs|F00010|ELECTRICITE DE FRANCE|AC112968|20231110|FACT 250205 FOURNITURES BUREAU|5815,34|0,00|||20231110||
AC|Achats|AC00094|20231110|517000|Autres organismes financiers|||AC112968|20231110|FACT 250205 FOURNITURES BUREAU|0,00|5815,34|||20231110||
AC|Achats|AC00095|20230519|611000|Sous-traitance generale|||AC056776|20230519|FACT 250131 ELECTRICITE DE FRANCE|1700,80|0,00|||20230522||
AC|Achats|AC00095|20230519|500000|Valeurs mobilieres de placement|||AC056776|20230519|FACT 250131 ELECTRICITE DE FRANCE|0,00|1700,80|||20230522||
AC|Achats|AC00096|20230127|602260|Achats d'emballages|||AC019308|20230127|FACT 250204 ELECTRICITE DE FRANCE|986,41|0,00|||20230128||
AC|Achats|AC00096|20230127|404000|Fournisseurs d'immobilisations|||AC019308|20230127|FACT 250204 ELECTRICITE DE FRANCE|0,00|986,41|||20230128||
AC|Achats|AC00097|20230407|623100|Annonces et insertions|||AC044670|20230407|FACT 250127 TELECOM SAS|344,01|0,00|||20230412||
AC|Achats|AC00097|20230407|421000|Personnel - Remunerations dues|||AC044670|20230407|FACT 250127 TELECOM SAS|0,00|344,01|||20230412||
AC|Achats|AC00098|20231214|618500|Frais de colloques, seminaires, conferences|||AC127274|20231214|FACT 250102 DALKIA FRANCE|93,75|0,00|||20231219||
AC|Achats|AC00098|20231214|518700|Interets courus a recevoir|||AC127274|20231214|FACT 250102 DALKIA FRANCE|0,00|93,75|||20231219||
AC|Achats|AC00099|20231103|622700|Frais d'actes et de contentieux|||AC119076|20231103|FACT 250107 TELECOM SAS|1643,94|0,00|||20231109||
AC|Achats|AC00099|20231103|467000|Autres comptes debiteurs ou crediteurs|||AC119076|20231103|FACT 250107 TELECOM SAS|0,00|1643,94|||20231109||
AC|Achats|AC00100|20230328|614000|Charges locatives|||AC034147|20230328|FACT 250224 PAPETERIE EXPRESS|1169,89|0,00|||20230401||
AC|Achats|AC00100|20230328|428200|Personnel - Conges payes|||AC034147|20230328|FACT 250224 PAPETERIE EXPRESS|0,00|1169,89|||20230401||
AC|Achats|AC00101|20231211|621000|Personnel exterieur a l'entreprise|||AC121337|20231211|FACT 250131 FOURNITURES BUREAU|1218,53|0,00|||20231216||
AC|Achats|AC00101|20231211|487000|Produits constates d'avance|||AC121337|20231211|FACT 250131 FOURNITURES BUREAU|0,00|1218,53|||20231216||
AC|Achats|AC00102|20230210|615200|Entretien et reparations sur biens immobiliers|||AC028229|20230210|FACT 250121 FOURNITURES BUREAU|1999,48|0,00|||20230213||
AC|Achats|AC00102|20230210|447100|Autres impots, taxes et versements assimiles|||AC028229|20230210|FACT 250121 FOURNITURES BUREAU|0,00|1999,48|||20230213||
AC|Achats|AC00103|20230412|606300|Fournitures d'entretien et petit equipement|||BQ042213|20230412|FACT 250105 FOURNITURES BUREAU|198,76|0,00|||20230414||
AC|Achats|AC00103|20230412|518100|Interets courus a payer|||AC041341|20230412|FACT 250105 FOURNITURES BUREAU|0,00|198,76|||20230414||
AC|Achats|AC00104|20230407|623400|Cadeaux a la clientele|||AC043768|20230407|FACT 250130 PAPETERIE EXPRESS|989,45|0,00|||20230409||
AC|Achats|AC00104|20230407|445510|TVA a decaisser|||AC043768|20230407|FACT 250130 PAPETERIE EXPRESS|0,00|989,45|||20230409||
AC|Achats|AC00105|20230601|618500|Frais de colloques, seminaires, conferences|||AC065756|20230601|FACT 250110 PAPETERIE EXPRESS|660,11|0,00|||20230608||
AC|Achats|AC00105|20230601|418100|Clients - Factures a etablir|||AC065756|20230601|FACT 250110 PAPETERIE EXPRESS|0,00|660,11|||20230608||
AC|Achats|AC00106|20231212|602100|Achats de matieres consommables|||AC128106|20231212|FACT 250123 PAPETERIE EXPRESS|1257,37|0,00|||20231214||
AC|Achats|AC00106|20231212|401000|Fournisseurs|F00009|NETTOYAGE SERVICE|AC128106|20231212|FACT 250123 PAPETERIE EXPRESS|0,00|1257,37|||20231214||
AC|Achats|AC00107|20230220|608500|Frais accessoires d'achat|||AC029245|20230220|FACT 250216 DALKIA FRANCE|1188,28|0,00|||20230223||
AC|Achats|AC00107|20230220|408400|Fournisseurs d'immobilisations - Factures non parvenues|||AC029245|20230220|FACT 250216 DALKIA FRANCE|0,00|1188,28|||20230223||
AC|Achats|AC00108|20231005|608500|Frais accessoires d'achat|||AC102183|20231005|FACT 250203 ELECTRICITE DE FRANCE|198,00|0,00|||20231010||
AC|Achats|AC00108|20231005|445660|TVA deductible sur ABS|||AC102183|20231005|FACT 250203 ELECTRICITE DE FRANCE|0,00|198,00|||20231010||
AC|Achats|AC00109|20230310|628100|Concours divers (cotisations...)|||AC039472|20230310|FACT 250118 PAPETERIE EXPRESS|1746,99|0,00|||20230316||
AC|Achats|AC00109|20230310|455000|Associes - Comptes courants|||AC039472|20230310|FACT 250118 PAPETERIE EXPRESS|0,00|1746,99|||20230316||
AC|Achats|AC00110|20230915|611000|Sous-traitance generale|||AC092950|20230915|FACT 250204 FOURNITURES BUREAU|609,73|0,00|||20230917||
AC|Achats|AC00110|20230915|451000|Groupe|||AC092950|20230915|FACT 250204 FOURNITURES BUREAU|0,00|609,73|||20230917||
AC|Achats|AC00111|20230717|625600|Missions|||AC075361|20230717|FACT 250209 TELECOM SAS|852,82|0,00|||20230723||
AC|Achats|AC00111|20230717|421000|Personnel - Remunerations dues|||AC075361|20230717|FACT 250209 TELECOM SAS|0,00|852,82|||20230723||
AC|Achats|AC00112|20230821|606800|Autres matieres et fournitures|||AC087747|20230821|FACT 250217 ELECTRICITE DE FRANCE|1853,55|0,00|||20230827||
AC|Achats|AC00112|20230821|445660|TVA deductible sur ABS|||AC087747|20230821|FACT 250217 ELECTRICITE DE FRANCE|0,00|1853,55|||20230827||
AC|Achats|AC00113|20230818|401000|Fournisseurs|F00004|PAPETERIE EXPRESS|AC089124|20230818|FACT 250226 FOURNITURES BUREAU|436,85|0,00|||20230823||
AC|Achats|AC00113|20230818|512100|Banque secondaire|||AC089124|20230818|FACT 250226 FOURNITURES BUREAU|0,00|436,85|||20230823||
AC|Achats|AC00114|20230925|602100|Achats de matieres consommables|||AC097306|20230925|FACT 250216 PAPETERIE EXPRESS|79,10|0,00|||20231001||
AC|Achats|AC00114|20230925|416000|Clients douteux|||AC097306|20230925|FACT 250216 PAPETERIE EXPRESS|0,00|79,10|||20231001||
AC|Achats|AC00115|20230105|606400|Fournitures administratives|||AC012994|20230105|FACT 250115 FOURNITURES BUREAU|1610,92|0,00|||20230112||
AC|Achats|AC00115|20230105|408400|Fournisseurs d'immobilisations - Factures non parvenues|||AC012994|20230105|FACT 250115 FOURNITURES BUREAU|0,00|1610,92|||20230112||
AC|Achats|AC00116|20230331|606400|Fournitures administratives|||AC032283|20230331|FACT 250202 FOURNITURES BUREAU|633,90|0,00|||20230331||
AC|Achats|AC00116|20230331|580000|Virements internes|||AC032283|20230331|FACT 250202 FOURNITURES BUREAU|0,00|633,90|||20230331||
AC|Achats|AC00117|20230914|614000|Charges locatives|||AC095302|20230914|FACT 250114 DALKIA FRANCE|16,76|0,00|||20230919||
AC|Achats|AC00117|20230914|530000|Caisse|||AC095302|20230914|FACT 250114 DALKIA FRANCE|0,00|16,76|||20230919||
AC|Achats|AC00118|20230207|623400|Cadeaux a la clientele|||AC024884|20230207|FACT 250225 ELECTRICITE DE FRANCE|295,72|0,00|||20230210||
AC|Achats|AC00118|20230207|441000|Etat - Impot sur les benefices|||AC024884|20230207|FACT 250225 ELECTRICITE DE FRANCE|0,00|295,72|||20230210||
AC|Achats|AC00119|20231129|613500|Locations mobilieres|||AC114639|20231129|FACT 250217 PAPETERIE EXPRESS|68,68|0,00|||20231201||
AC|Achats|AC00119|20231129|421000|Personnel - Remunerations dues|||AC114639|20231129|FACT 250217 PAPETERIE EXPRESS|0,00|68,68|||20231201||
AC|Achats|AC00120|20230616|627000|Services bancaires et assimiles|||AC067707|20230616|FACT 250111 FOURNITURES BUREAU|848,53|0,00|||20230622||
AC|Achats|AC00120|20230616|447100|Autres impots, taxes et versements assimiles|||AC067707|20230616|FACT 250111 FOURNITURES BUREAU|0,00|848,53|||20230622||
AC|Achats|AC00121|20230428|623000|Publicite, publications, relations publiques|||AC045652|20230428|FACT 250108 PAPETERIE EXPRESS|737,53|0,00|||20230430||
AC|Achats|AC00121|20230428|486000|Charges constatees d'avance|||AC045652|20230428|FACT 250108 PAPETERIE EXPRESS|0,00|737,53|||20230430||
AC|Achats|AC00122|20230109|621000|Personnel exterieur a l'entreprise|||AC017413|20230109|FACT 250204 DALKIA FRANCE|1625,12|0,00|||20230109||
AC|Achats|AC00122|20230109|590000|Depreciation des valeurs mobilieres de placement|||AC017413|20230109|FACT 250204 DALKIA FRANCE|0,00|1625,12|||20230109||
AC|Achats|AC00123|20230920|606300|Fournitures d'entretien et petit equipement|||AC096321|20230920|FACT 250122 TELECOM SAS|988,76|0,00|||20230926||
AC|Achats|AC00123|20230920|500000|Valeurs mobilieres de placement|||AC096321|20230920|FACT 250122 TELECOM SAS|0,00|988,76|||20230926||
AC|Achats|AC00124|20230504|613500|Locations mobilieres|||AC058899|20230504|FACT 250115 FOURNITURES BUREAU|647,91|0,00|||20230510||
AC|Achats|AC00124|20230504|421000|Personnel - Remunerations dues|||AC058899|20230504|FACT 250115 FOURNITURES BUREAU|0,00|647,91|||20230510||
AC|Achats|AC00125|20230428|618100|Documentation generale|||AC041784|20230428|FACT 250207 PAPETERIE EXPRESS|1132,00|0,00|||20230501||
AC|Achats|AC00125|20230428|445670|TVA collectee|||AC041784|20230428|FACT 250207 PAPETERIE EXPRESS|0,00|1132,00|||20230501||
AC|Achats|AC00126|20231101|613500|Locations mobilieres|||AC112460|20231101|FACT 250201 DALKIA FRANCE|502,46|0,00|||20231102||
AC|Achats|AC00126|20231101|418100|Clients - Factures a etablir|||AC112460|20231101|FACT 250201 DALKIA FRANCE|0,00|502,46|||20231102||
AC|Achats|AC00127|20230721|602100|Achats de matieres consommables|||AC079021|20230721|FACT 250204 PAPETERIE EXPRESS|1499,79|0,00|||20230721||
AC|Achats|AC00127|20230721|445660|TVA deductible sur ABS|||AC079021|20230721|FACT 250204 PAPETERIE EXPRESS|0,00|1499,79|||20230721||
AC|Achats|AC00128|20230310|625100|Voyages et deplacements|||AC036817|20230310|FACT 250110 ELECTRICITE DE FRANCE|625,73|0,00|||20230311||
AC|Achats|AC00128|20230310|411000|Clients|C00001|CLIENT ALPHA|AC036817|20230310|FACT 250110 ELECTRICITE DE FRANCE|0,00|625,73|C7|20231220|20230311||
AC|Achats|AC00129|20230704|615500|Entretien et reparations sur biens mobiliers|||AC071884|20230704|FACT 250116 DALKIA FRANCE|263,57|0,00|||20230711||
AC|Achats|AC00129|20230704|419100|Clients - Avances et acomptes recus|||AC071884|20230704|FACT 250116 DALKIA FRANCE|0,00|263,57|||20230711||
AC|Achats|AC00130|20230515|628100|Concours divers (cotisations...)|||AC054273|20230515|FACT 250104 DALKIA FRANCE|622,51|0,00|||20230517||
AC|Achats|AC00130|20230515|471000|Compte d'attente|||AC054273|20230515|FACT 250104 DALKIA FRANCE|0,00|622,51|||20230517||
AC|Achats|AC00131|20231121|627000|Services bancaires et assimiles|||AC112008|20231121|FACT 250116 ELECTRICITE DE FRANCE|391,36|0,00|||20231125||
AC|Achats|AC00131|20231125|471000|Compte d'attente|||AC112008|20231121|FACT 250116 ELECTRICITE DE FRANCE|0,00|391,36|||20231125||
AC|Achats|AC00132|20230622|615200|Entretien et reparations sur biens immobiliers|||AC062007|20230622|FACT 250121 PAPETERIE EXPRESS|369,57|0,00|||20230628||
AC|Achats|AC00132|20230622|518700|Interets courus a recevoir|||AC062007|20230622|FACT 250121 PAPETERIE EXPRESS|0,00|369,57|||20230628||
AC|Achats|AC00133|20230927|602100|Achats de matieres consommables|||AC091512|20230927|FACT 250219 FOURNITURES BUREAU|1250,59|0,00|||20230930||
AC|Achats|AC00133|20230927|487000|Produits constates d'avance|||AC091512|20230927|FACT 250219 FOURNITURES BUREAU|0,00|1250,59|||20230930||
AC|Achats|AC00134|20230322|623100|Annonces et insertions|||AC033578|20230322|FACT 250220 TELECOM SAS|1019,43|0,00|||20230325||
AC|Achats|AC00134|20230322|401000|Fournisseurs|F00006|MAINTENANCE PRO|AC033578|20230322|FACT 250220 TELECOM SAS|0,00|1019,43|||20230325||
AC|Achats|AC00135|20230210|602100|Achats de matieres consommables|||AC028953|20230210|FACT 250107 DALKIA FRANCE|947,21|0,00|||20230210||
AC|Achats|AC00135|20230210|444000|Etat - Impots sur les benefices|||AC028953|20230210|FACT 250107 DALKIA FRANCE|0,00|947,21|||20230210||
AC|Achats|AC00136|20231013|602200|Achats de fournitures consommables|||AC101453|20231013|FACT 250226 PAPETERIE EXPRESS|604,97|0,00|||20231014||
AC|Achats|AC00136|20231013|512100|Banque secondaire|||AC101453|20231013|FACT 250226 PAPETERIE EXPRESS|0,00|604,97|||20231014||
AC|Achats|AC00137|20230127|612000|Redevances de credit-bail|||AC016915|20230127|FACT 250107 TELECOM SAS|1649,54|0,00|||20230129||
AC|Achats|AC00137|20230127|441000|Etat - Impot sur les benefices|||AC016915|20230127|FACT 250107 TELECOM SAS|0,00|1649,54|||20230129||
AC|Achats|AC00138|20230221|613200|Locations immobilieres|||AC027028|20230221|FACT 250117 DALKIA FRANCE|1226,02|0,00|||20230222||
AC|Achats|AC00138|20230221|445510|TVA a decaisser|||AC027028|20230221|FACT 250117 DALKIA FRANCE|0,00|1226,02|||20230222||
AC|Achats|AC00139|20230224|606300|Fournitures d'entretien et petit equipement|||AC021601|20230224|FACT 250223 FOURNITURES BUREAU|821,39|0,00|||20230226||
AC|Achats|AC00139|20230224|421000|Personnel - Remunerations dues|||AC021601|20230224|FACT 250223 FOURNITURES BUREAU|0,00|821,39|||20230226||
AC|Achats|AC00140|20231228|615200|Entretien et reparations sur biens immobiliers|||AC125120|20231228|FACT 250122 DALKIA FRANCE|1637,01|0,00|||20231230||
AC|Achats|AC00140|20231228|404000|Fournisseurs d'immobilisations|||AC125120|20231228|FACT 250122 DALKIA FRANCE|0,00|1637,01|||20231230||
AC|Achats|AC00141|20230331|614000|Charges locatives|||BQ127570|20230331|FACT 250116 ELECTRICITE DE FRANCE|1112,49|0,00|||20230403||
AC|Achats|AC00141|20230331|431000|Securite sociale|||AC037346|20230331|FACT 250116 ELECTRICITE DE FRANCE|0,00|1112,49|||20230403||
AC|Achats|AC00142|20230922|602100|Achats de matieres consommables|||AC093190|20230922|FACT 250214 ELECTRICITE DE FRANCE|1130,29|0,00|||20230922||
AC|Achats|AC00142|20230922|580000|Virements internes|||AC093190|20230922|FACT 250214 ELECTRICITE DE FRANCE|0,00|1130,29|||20230922||
AC|Achats|AC00143|20230626|628100|Concours divers (cotisations...)|||AC064851|20230626|FACT 250117 PAPETERIE EXPRESS|1364,00|0,00|||20230629||
AC|Achats|AC00143|20230626|445510|TVA a decaisser|||AC064851|20230626|FACT 250117 PAPETERIE EXPRESS|0,00|1364,00|||20230629||
AC|Achats|AC00144|20230712|606300|Fournitures d'entretien et petit equipement|||AC071021|20230712|FACT 250219 DALKIA FRANCE|908,04|0,00|||20230718||
AC|Achats|AC00144|20230712|427000|Personnel - Oppositions|||AC071021|20230712|FACT 250219 DALKIA FRANCE|0,00|908,04|||20230718||
AC|Achats|AC00145|20230905|606800|Autres matieres et fournitures|||AC091413|20230905|FACT 250107 PAPETERIE EXPRESS|1441,75|0,00|||20230908||
AC|Achats|AC00145|20230905|455000|Associes - Comptes courants|||AC091413|20230905|FACT 250107 PAPETERIE EXPRESS|0,00|1441,75|||20230908||
AC|Achats|AC00146|20231128|613500|Locations mobilieres|||AC113456|20231128|FACT 250122 DALKIA FRANCE|772,37|0,00|||20231201||
AC|Achats|AC00146|20231128|445670|TVA collectee|||AC113456|20231128|FACT 250122 DALKIA FRANCE|0,00|772,37|||20231201||
AC|Achats|AC00147|20230320|614000|Charges locatives|||AC039311|20230320|FACT 250127 ELECTRICITE DE FRANCE|690,57|0,00|||20230322||
AC|Achats|AC00147|20230320|455000|Associes - Comptes courants|||AC039311|20230320|FACT 250127 ELECTRICITE DE FRANCE|0,00|690,57|||20230322||
AC|Achats|AC00148|20231010|602200|Achats de fournitures consommables|||AC104530|20231010|FACT 250118 FOURNITURES BUREAU|833,18|0,00|||20231011||
AC|Achats|AC00148|20231010|445660|TVA deductible sur ABS|||AC104530|20231010|FACT 250118 FOURNITURES BUREAU|0,00|833,18|||20231011||
AC|Achats|AC00149|20230512|625100|Voyages et deplacements|||AC054575|20230512|FACT 250202 ELECTRICITE DE FRANCE|239,82|0,00|||20230515||
AC|Achats|AC00149|20230512|455000|Associes - Comptes courants|||AC054575|20230512|FACT 250202 ELECTRICITE DE FRANCE|0,00|239,82|||20230515||
AC|Achats|AC00150|20230217|614000|Charges locatives|||AC022562|20230217|FACT 250224 PAPETERIE EXPRESS|550,87|0,00|||20230222||
AC|Achats|AC00150|20230217|438200|Charges sociales sur conges a payer|||AC022562|20230217|FACT 250224 PAPETERIE EXPRESS|0,00|550,87|||20230222||
AC|Achats|AC00151|20230307|613500|Locations mobilieres|||AC036081|20230307|FACT 250131 TELECOM SAS|782,46|0,00|||20230313||
AC|Achats|AC00151|20230307|421000|Personnel - Remunerations dues|||AC036081|20230307|FACT 250131 TELECOM SAS|0,00|782,46|||20230313||
AC|Achats|AC00152|20230721|625700|Receptions|||AC071676|20230721|FACT 250221 ELECTRICITE DE FRANCE|603,35|0,00|||20230723||
AC|Achats|AC00152|20230721|413000|Clients - Effets a recevoir|||AC071676|20230721|FACT 250221 ELECTRICITE DE FRANCE|0,00|603,35|||20230723||
AC|Achats|AC00153|20230922|625600|Missions|||AC095054|20230922|FACT 250221 PAPETERIE EXPRESS|853,55|0,00|||20230923||
AC|Achats|AC00153|20230922|413000|Clients - Effets a recevoir|||AC095054|20230922|FACT 250221 PAPETERIE EXPRESS|0,00|853,55|||20230923||
AC|Achats|AC00154|20230113|602100|Achats de matieres consommables|||AC015101|20230113|FACT 250219 PAPETERIE EXPRESS|1100,27|0,00|||20230114||
AC|Achats|AC00154|20230113|431000|Securite sociale|||AC015101|20230113|FACT 250219 PAPETERIE EXPRESS|0,00|1100,27|||20230114||
AC|Achats|AC00155|20230113|613500|Locations mobilieres|||AC015605|20230113|FACT 250120 ELECTRICITE DE FRANCE|1727,53|0,00|||20230116||
AC|Achats|AC00155|20230113|487000|Produits constates d'avance|||AC015605|20230113|FACT 250120 ELECTRICITE DE FRANCE|0,00|1727,53|||20230116||
AC|Achats|AC00156|20231110|614000|Charges locatives|||AC117763|20231110|FACT 250207 ELECTRICITE DE FRANCE|1615,23|0,00|||20231112||
AC|Achats|AC00156|20231110|403000|Fournisseurs - Effets a payer|||AC117763|20231110|FACT 250207 ELECTRICITE DE FRANCE|0,00|1615,23|||20231112||
AC|Achats|AC00157|20230210|613500|Locations mobilieres|||AC023727|20230210|FACT 250129 FOURNITURES BUREAU|1054,79|0,00|||20230212||
AC|Achats|AC00157|20230210|425000|Personnel - Avances et acomptes|||AC023727|20230210|FACT 250129 FOURNITURES BUREAU|0,00|1054,79|||20230212||
AC|Achats|AC00158|20230714|625700|Receptions|||AC079256|20230714|FACT 250117 DALKIA FRANCE|1844,00|0,00|||20230721||
AC|Achats|AC00158|20230714|408400|Fournisseurs d'immobilisations - Factures non parvenues|||AC079256|20230714|FACT 250117 DALKIA FRANCE|0,00|1844,00|||20230721||
AC|Achats|AC00159|20230904|602100|Achats de matieres consommables|||AC094242|20230904|FACT 250206 PAPETERIE EXPRESS|786,57|0,00|||20230908||
AC|Achats|AC00159|20230904|409100|Fournisseurs - Avances et acomptes verses|||AC094242|20230904|FACT 250206 PAPETERIE EXPRESS|0,00|786,57|||20230908||
AC|Achats|AC00160|20230525|623000|Publicite, publications, relations publiques|||AC059296|20230525|FACT 250206 ELECTRICITE DE FRANCE|1742,47|0,00|||20230528||
AC|Achats|AC00160|20230525|404000|Fournisseurs d'immobilisations|||AC059296|20230525|FACT 250206 ELECTRICITE DE FRANCE|0,00|1742,47|||20230528||
AC|Achats|AC00161|20230217|601000|Achats de matieres premieres|||AC025526|20230217|FACT 250110 TELECOM SAS|31,80|0,00|||20230221||
AC|Achats|AC00161|20230217|413000|Clients - Effets a recevoir|||AC025526|20230217|FACT 250110 TELECOM SAS|0,00|31,80|||20230221||
AC|Achats|AC00162|20230803|623400|Cadeaux a la clientele|||AC083380|20230803|FACT 250112 ELECTRICITE DE FRANCE|1801,76|0,00|||20230808||
AC|Achats|AC00162|20230803|511000|Valeurs a l'encaissement|||AC083380|20230803|FACT 250112 ELECTRICITE DE FRANCE|0,00|1801,76|||20230808||
AC|Achats|AC00163|20230210|607000|Achats de marchandises|||AC027341|20230210|FACT 250126 TELECOM SAS|195,67|0,00|||20230214||
AC|Achats|AC00163|20230210|444000|Etat - Impots sur les benefices|||AC027341|20230210|FACT 250126 TELECOM SAS|0,00|195,67|||20230214||
AC|Achats|AC00164|20230505|622600|Honoraires|||AC059947|20230505|FACT 250123 FOURNITURES BUREAU|1576,23|0,00|||20230507||
AC|Achats|AC00164|20230505|445670|TVA collectee|||AC059947|20230505|FACT 250123 FOURNITURES BUREAU|0,00|1576,23|||20230507||
AC|Achats|AC00165|20230526|611000|Sous-traitance generale|||AC058675|20230526|FACT 250128 DALKIA FRANCE|1679,13|0,00|||20230526||
AC|Achats|AC00165|20230526|416000|Clients douteux|||AC058675|20230526|FACT 250128 DALKIA FRANCE|0,00|1679,13|||20230526||
AC|Achats|AC00166|20230530|615600|Maintenance|||AC057131|20230530|FACT 250131 TELECOM SAS|814,52|0,00|||20230531||
AC|Achats|AC00166|20230530|517000|Autres organismes financiers|||AC057131|20230530|FACT 250131 TELECOM SAS|0,00|814,52|||20230531||
AC|Achats|AC00167|20231024|602260|Achats d'emballages|||AC101886|20231024|FACT 250209 FOURNITURES BUREAU|526,41|0,00|||20231028||
AC|Achats|AC00167|20231024|445710|TVA collectee a payer|||AC101886|20231024|FACT 250209 FOURNITURES BUREAU|0,00|526,41|||20231028||
AC|Achats|AC00168|20230905|601000|Achats de matieres premieres|||AC091866|20230905|FACT 250216 PAPETERIE EXPRESS|727,77|0,00|||20230907||
AC|Achats|AC00168|20230905|511000|Valeurs a l'encaissement|||AC091866|20230905|FACT 250216 PAPETERIE EXPRESS|0,00|727,77|||20230907||
AC|Achats|AC00169|20230516|602260|Achats d'emballages|||AC059108|20230516|FACT 250117 PAPETERIE EXPRESS|1080,71|0,00|||20230519||
AC|Achats|AC00169|20230516|409100|Fournisseurs - Avances et acomptes verses|||AC059108|20230516|FACT 250117 PAPETERIE EXPRESS|0,00|1080,71|||20230519||
AC|Achats|AC00170|20231206|623100|Annonces et insertions|||AC122631|20231206|FACT 250131 PAPETERIE EXPRESS|1028,45|0,00|||20231206||
AC|Achats|AC00170|20231206|518100|Interets courus a payer|||AC122631|20231206|FACT 250131 PAPETERIE EXPRESS|0,00|1028,45|||20231206||
AC|Achats|AC00171|20230414|627000|Services bancaires et assimiles|||AC045286|20230414|FACT 250213 ELECTRICITE DE FRANCE|1402,33|0,00|||20230419||
AC|Achats|AC00171|20230414|408400|Fournisseurs d'immobilisations - Factures non parvenues|||AC045286|20230414|FACT 250213 ELECTRICITE DE FRANCE|0,00|1402,33|||20230419||
AC|Achats|AC00172|20230602|623000|Publicite, publications, relations publiques|||AC065412|20230602|FACT 250112 PAPETERIE EXPRESS|194,81|0,00|||20230604||
AC|Achats|AC00172|20230602|408100|Fournisseurs - Factures non parvenues|||AC065412|20230602|FACT 250112 PAPETERIE EXPRESS|0,00|194,81|||20230604||
AC|Achats|AC00173|20231117|623000|Publicite, publications, relations publiques|||CA019320|20231117|FACT 250109 DALKIA FRANCE|579,01|0,00|||20231118||
AC|Achats|AC00173|20231117|517000|Autres organismes financiers|||AC114761|20231117|FACT 250109 DALKIA FRANCE|0,00|579,01|||20231118||
AC|Achats|AC00174|20230315|602260|Achats d'emballages|||AC038925|20230315|FACT 250116 FOURNITURES BUREAU|1195,29|0,00|||20230318||
AC|Achats|AC00174|20230315|416000|Clients douteux|||AC038925|20230315|FACT 250116 FOURNITURES BUREAU|0,00|1195,29|||20230318||
AC|Achats|AC00175|20230712|601000|Achats de matieres premieres|||AC071530|20230712|FACT 250218 DALKIA FRANCE|1629,74|0,00|||20230718||
AC|Achats|AC00175|20230712|418100|Clients - Factures a etablir|||AC071530|20230712|FACT 250218 DALKIA FRANCE|0,00|1629,74|||20230718||
AC|Achats|AC00176|20230113|628100|Concours divers (cotisations...)|||AC015394|20230113|FACT 250211 PAPETERIE EXPRESS|1092,93|0,00|||20230114||
AC|Achats|AC00176|20230113|416000|Clients douteux|||AC015394|20230113|FACT 250211 PAPETERIE EXPRESS|0,00|1092,93|||20230114||
AC|Achats|AC00177|20230915|606100|Electricite, gaz, eau|||AC097553|20230915|FACT 250214 DALKIA FRANCE|1078,08|0,00|||20230915||
AC|Achats|AC00177|20230915|418100|Clients - Factures a etablir|||AC097553|20230915|FACT 250214 DALKIA FRANCE|0,00|1078,08|||20230915||
AC|Achats|AC00178|20230929|613500|Locations mobilieres|||AC099434|20230929|FACT 250213 ELECTRICITE DE FRANCE|981,19|0,00|||20231002||
AC|Achats|AC00178|20230929|408400|Fournisseurs d'immobilisations - Factures non parvenues|||AC099434|20230929|FACT 250213 ELECTRICITE DE FRANCE|0,00|981,19|||20231002||
AC|Achats|AC00179|20230619|627000|Services bancaires et assimiles|||AC065465|20230619|FACT 250117 PAPETERIE EXPRESS|253,01|0,00|||20230620||
AC|Achats|AC00179|20230619|401000|Fournisseurs|F00002|TELECOM SAS|AC065465|20230619|FACT 250117 PAPETERIE EXPRESS|0,00|253,01|||20230620||
AC|Achats|AC00180|20231207|606800|Autres matieres et fournitures|||AC125839|20231207|FACT 250205 TELECOM SAS|970,87|0,00|||20231212||
AC|Achats|AC00180|20231207|445660|TVA deductible sur ABS|||AC125839|20231207|FACT 250205 TELECOM SAS|0,00|970,87|||20231212||
AC|Achats|AC00181|20230314|618100|Documentation generale|||AC032787|20230314|FACT 250211 TELECOM SAS|424,26|0,00|||20230321||
AC|Achats|AC00181|20230314|411000|Clients|C00006|CLIENT ZETA|AC032787|20230314|FACT 250211 TELECOM SAS|0,00|424,26|A2|20231211|20230321||
AC|Achats|AC00182|20230309|615200|Entretien et reparations sur biens immobiliers|||AC038221|20230309|FACT 250113 PAPETERIE EXPRESS|1296,12|0,00|||20230312||
AC|Achats|AC00182|20230309|408100|Fournisseurs - Factures non parvenues|||AC038221|20230309|FACT 250113 PAPETERIE EXPRESS|0,00|1296,12|||20230312||
AC|Achats|AC00183|20230331|612000|Redevances de credit-bail|||AC039824|20230331|FACT 250220 FOURNITURES BUREAU|770,79|0,00|||20230405||
AC|Achats|AC00183|20230331|419100|Clients - Avances et acomptes recus|||AC039824|20230331|FACT 250220 FOURNITURES BUREAU|0,00|770,79|||20230405||
AC|Achats|AC00184|20230321|608500|Frais accessoires d'achat|||AC034652|20230321|FACT 250201 PAPETERIE EXPRESS|1020,24|0,00|||20230322||
AC|Achats|AC00184|20230321|491000|Depreciation des comptes clients|||AC034652|20230321|FACT 250201 PAPETERIE EXPRESS|0,00|1020,24|||20230322||
AC|Achats|AC00185|20230831|625100|Voyages et deplacements|||AC082537|20230831|FACT 250210 PAPETERIE EXPRESS|1736,89|0,00|||20230904||
AC|Achats|AC00185|20230831|411000|Clients|C00010|CLIENT KAPPA|AC082537|20230831|FACT 250210 PAPETERIE EXPRESS|0,00|1736,89|||20230904||
AC|Achats|AC00186|20230619|613500|Locations mobilieres|||AC061737|20230619|FACT 250227 PAPETERIE EXPRESS|915,79|0,00|||20230622||
AC|Achats|AC00186|20230619|455000|Associes - Comptes courants|||AC061737|20230619|FACT 250227 PAPETERIE EXPRESS|0,00|915,79|||20230622||
AC|Achats|AC00187|20230414|615500|Entretien et reparations sur biens mobiliers|||AC061737|20230414|FACT 250207 PAPETERIE EXPRESS|77,47|0,00|||20230418||
AC|Achats|AC00187|20230414|486000|Charges constatees d'avance|||AC041316|20230414|FACT 250207 PAPETERIE EXPRESS|0,00|77,47|||20230418||
AC|Achats|AC00188|20230124|606300|Fournitures d'entretien et petit equipement|||AC019971|20230124|FACT 250220 PAPETERIE EXPRESS|1448,68|0,00|||20230125||
AC|Achats|AC00188|20230124|408100|Fournisseurs - Factures non parvenues|||AC019971|20230124|FACT 250220 PAPETERIE EXPRESS|0,00|1448,68|||20230125||
AC|Achats|AC00189|20230901|602260|Achats d'emballages|||AC093717|20230901|FACT 250202 DALKIA FRANCE|1475,04|0,00|||20230907||
AC|Achats|AC00189|20230901|441000|Etat - Impot sur les benefices|||AC093717|20230901|FACT 250202 DALKIA FRANCE|0,00|1475,04|||20230907||
AC|Achats|AC00190|20230818|607000|Achats de marchandises|||AC083956|20230818|FACT 250202 FOURNITURES BUREAU|1852,73|0,00|||20230819||
AC|Achats|AC00190|20230818|451000|Groupe|||AC083956|20230818|FACT 250202 FOURNITURES BUREAU|0,00|1852,73|||20230819||
AC|Achats|AC00191|20231108|606400|Fournitures administratives|||AC117602|20231108|FACT 250224 FOURNITURES BUREAU|1367,11|0,00|||20231115||
AC|Achats|AC00191|20231108|468600|Charges a payer|||AC117602|20231108|FACT 250224 FOURNITURES BUREAU|0,00|1367,11|||20231115||
AC|Achats|AC00192|20230310|608500|Frais accessoires d'achat|||AC035832|20230310|FACT 250101 FOURNITURES BUREAU|1831,30|0,00|||20230316||
AC|Achats|AC00192|20230310|441000|Etat - Impot sur les benefices|||AC035832|20230310|FACT 250101 FOURNITURES BUREAU|0,00|1831,30|||20230316||
AC|Achats|AC00193|20231214|623400|Cadeaux a la clientele|||AC121534|20231214|FACT 250106 TELECOM SAS|1830,41|0,00|||20231216||
AC|Achats|AC00193|20231214|517000|Autres organismes financiers|||AC121534|20231214|FACT 250106 TELECOM SAS|0,00|1830,41|||20231216||
AC|Achats|AC00194|20230504|625100|Voyages et deplacements|||AC057018|20230504|FACT 250111 ELECTRICITE DE FRANCE|1806,15|0,00|||20230511||
AC|Achats|AC00194|20230504|445870|TVA sur factures a etablir|||AC057018|20230504|FACT 250111 ELECTRICITE DE FRANCE|0,00|1806,15|||20230511||
AC|Achats|AC00195|20230714|623400|Cadeaux a la clientele|||AC075868|20230714|FACT 250214 TELECOM SAS|1309,00|0,00|||20230718||
AC|Achats|AC00195|20230714|403000|Fournisseurs - Effets a payer|||AC075868|20230714|FACT 250214 TELECOM SAS|0,00|1309,00|||20230718||
BQ|Banque|BQ00001|20230127|590000|Depreciation des valeurs mobilieres de placement|||BQ017878|20230127|VIREMENT 06/01 REF 74117163|741,06|0,00|||20230130||
BQ|Banque|BQ00001|20230127|425000|Personnel - Avances et acomptes|||BQ017878|20230127|VIREMENT 06/01 REF 74117163|0,00|741,06|||20230130||
BQ|Banque|BQ00002|20230418|500000|Valeurs mobilieres de placement|||BQ042639|20230418|VIREMENT 10/01 REF 50549557|179,77|0,00|||20230419||
BQ|Banque|BQ00002|20230418|771000|Produits exceptionnels sur operations de gestion|||BQ042639|20230418|VIREMENT 10/01 REF 50549557|0,00|179,77|||20230419||
BQ|Banque|BQ00003|20231027|623400|Cadeaux a la clientele|||BQ107589|20231027|CB 03/02 FOURNISSEUR|717,44|0,00|||20231028||
BQ|Banque|BQ00003|20231027|500000|Valeurs mobilieres de placement|||BQ107589|20231027|CB 03/02 FOURNISSEUR|0,00|717,44|||20231028||
BQ|Banque|BQ00004|20230310|797000|Transferts de charges exceptionnelles|||BQ038284|20230310|OPERATION BANCAIRE 26/02|802,16|0,00|||20230310||
BQ|Banque|BQ00004|20230310|211000|Terrains|||BQ038284|20230310|OPERATION BANCAIRE 26/02|0,00|802,16|||20230310||
BQ|Banque|BQ00005|20230426|781500|Reprises sur provisions pour risques et charges d'exploitation|||BQ046284|20230426|OPERATION BANCAIRE 15/01|1473,93|0,00|||20230503||
BQ|Banque|BQ00005|20230426|500000|Valeurs mobilieres de placement|||BQ046284|20230426|OPERATION BANCAIRE 15/01|0,00|1473,93|||20230503||
BQ|Banque|BQ00006|20230505|408400|Fournisseurs d'immobilisations - Factures non parvenues|||BQ057347|20230505|OPERATION BANCAIRE 30/01|755,51|0,00|||20230505||
BQ|Banque|BQ00006|20230505|647000|Autres charges sociales|||BQ057347|20230505|OPERATION BANCAIRE 30/01|0,00|755,51|||20230505||
BQ|Banque|BQ00007|20230508|777000|Quote-part des subventions d'investissement viree au resultat|||BQ058990|20230508|OPERATION BANCAIRE 26/01|690,12|0,00|||20230515||
BQ|Banque|BQ00007|20230508|403000|Fournisseurs - Effets a payer|||BQ058990|20230508|OPERATION BANCAIRE 26/01|0,00|690,12|||20230515||
BQ|Banque|BQ00008|20231222|758000|Produits divers de gestion courante|||BQ124572|20231222|OPERATION BANCAIRE 08/02|1192,00|0,00|||20231229||
BQ|Banque|BQ00008|20231222|403000|Fournisseurs - Effets a payer|||BQ124572|20231222|OPERATION BANCAIRE 08/02|0,00|1192,00|||20231229||
BQ|Banque|BQ00009|20231229|411000|Clients|C00007|CLIENT ETA|BQ126326|20231229|OPERATION BANCAIRE 13/01|5627,53|0,00|||20231231||
BQ|Banque|BQ00009|20231229|431000|Securite sociale|||BQ126326|20231229|OPERATION BANCAIRE 13/01|0,00|5627,53|||20231231||
BQ|Banque|BQ00010|20230811|408400|Fournisseurs d'immobilisations - Factures non parvenues|||BQ087176|20230811|OPERATION BANCAIRE 12/01|745,05|0,00|||20230817||
BQ|Banque|BQ00010|20230811|218400|Mobilier|||BQ087176|20230811|OPERATION BANCAIRE 12/01|0,00|745,05|||20230817||
BQ|Banque|BQ00011|20230228|627000|Services bancaires et assimiles|||BQ026377|20230228|CB 14/02 FOURNISSEUR|1927,80|0,00|||20230307||
BQ|Banque|BQ00011|20230228|408100|Fournisseurs - Factures non parvenues|||BQ026377|20230228|CB 14/02 FOURNISSEUR|0,00|1927,80|||20230307||
BQ|Banque|BQ00012|20231128|500000|Valeurs mobilieres de placement|||BQ116543|20231128|VIREMENT 04/01 REF 26448817|589,31|0,00|||20231202||
BQ|Banque|BQ00012|20231128|625100|Voyages et deplacements|||BQ116543|20231128|VIREMENT 04/01 REF 26448817|0,00|589,31|||20231202||
BQ|Banque|BQ00013|20230321|708500|Ports et frais accessoires factures|||BQ039480|20230321|OPERATION BANCAIRE 02/02|306,87|0,00|||20230323||
BQ|Banque|BQ00013|20230321|451000|Groupe|||BQ039480|20230321|OPERATION BANCAIRE 02/02|0,00|306,87|||20230323||
BQ|Banque|BQ00014|20230217|618100|Documentation generale|||BQ027816|20230217|CB 07/01 FOURNISSEUR|1221,86|0,00|||20230219||
BQ|Banque|BQ00014|20230217|445660|TVA deductible sur ABS|||BQ027816|20230217|CB 07/01 FOURNISSEUR|0,00|1221,86|||20230219||
BQ|Banque|BQ00015|20230626|681110|Dot. amort. sur immo. incorporelles|||BQ064421|20230626|CB 11/01 FOURNISSEUR|999,84|0,00|||20230629||
BQ|Banque|BQ00015|20230626|514000|Cheques postaux|||BQ064421|20230626|CB 11/01 FOURNISSEUR|0,00|999,84|||20230629||
BQ|Banque|BQ00016|20230929|602100|Achats de matieres consommables|||BQ095670|20230929|CB 03/01 FOURNISSEUR|441,78|0,00|||20231004||
BQ|Banque|BQ00016|20230929|404000|Fournisseurs d'immobilisations|||BQ095670|20230929|CB 03/01 FOURNISSEUR|0,00|441,78|||20231004||
BQ|Banque|BQ00017|20230110|791000|Transferts de charges d'exploitation|||BQ013355|20230110|OPERATION BANCAIRE 14/01|809,12|0,00|||20230110||
BQ|Banque|BQ00017|20230110|165000|Depots et cautionnements recus|||BQ013355|20230110|OPERATION BANCAIRE 14/01|0,00|809,12|||20230110||
BQ|Banque|BQ00018|20230425|416000|Clients douteux|||BQ043941|20230425|OPERATION BANCAIRE 06/01|191,49|0,00|||20230502||
BQ|Banque|BQ00018|20230425|623000|Publicite, publications, relations publiques|||BQ043941|20230425|OPERATION BANCAIRE 06/01|0,00|191,49|||20230502||
BQ|Banque|BQ00019|20230113|508000|Interets courus sur VMP|||BQ018163|20230113|VIREMENT 11/02 REF 7379303|103,16|0,00|||20230116||
BQ|Banque|BQ00019|20230113|645000|Charges de securite sociale et de prevoyance|||BQ018163|20230113|VIREMENT 11/02 REF 7379303|0,00|103,16|||20230116||
BQ|Banque|BQ00020|20230126|611000|Sous-traitance generale|||BQ012139|20230126|CB 22/01 FOURNISSEUR|1951,98|0,00|||20230202||
BQ|Banque|BQ00020|20230126|487000|Produits constates d'avance|||BQ012139|20230126|CB 22/01 FOURNISSEUR|0,00|1951,98|||20230202||
BQ|Banque|BQ00021|20230407|671000|Charges exceptionnelles sur operations de gestion|||BQ049601|20230407|CB 16/01 FOURNISSEUR|1796,36|0,00|||20230411||
BQ|Banque|BQ00021|20230407|419100|Clients - Avances et acomptes recus|||BQ049601|20230407|CB 16/01 FOURNISSEUR|0,00|1796,36|||20230411||
BQ|Banque|BQ00022|20230113|511000|Valeurs a l'encaissement|||BQ018468|20230113|VIREMENT 27/02 REF 92187195|366,14|0,00|||20230118||
BQ|Banque|BQ00022|20230113|311000|Matieres premieres|||BQ018468|20230113|VIREMENT 27/02 REF 92187195|0,00|366,14|||20230118||
BQ|Banque|BQ00023|20230630|615200|Entretien et reparations sur biens immobiliers|||BQ064653|20230630|CB 11/01 FOURNISSEUR|853,57|0,00|||20230704||
BQ|Banque|BQ00023|20230630|444000|Etat - Impots sur les benefices|||BQ064653|20230630|CB 11/01 FOURNISSEUR|0,00|853,57|||20230704||
BQ|Banque|BQ00024|20230104|687000|Dot. amort. et provisions exceptionnels|||BQ011570|20230104|CB 11/01 FOURNISSEUR|145,93|0,00|||20230111||
BQ|Banque|BQ00024|20230104|408100|Fournisseurs - Factures non parvenues|||BQ011570|20230104|CB 11/01 FOURNISSEUR|0,00|145,93|||20230111||
BQ|Banque|BQ00025|20230814|675000|Valeurs comptables des elements d'actif cedes|||BQ083545|20230814|CB 19/01 FOURNISSEUR|124,63|0,00|||20230818||
BQ|Banque|BQ00025|20230814|409100|Fournisseurs - Avances et acomptes verses|||BQ083545|20230814|CB 19/01 FOURNISSEUR|0,00|124,63|||20230818||
BQ|Banque|BQ00026|20230217|512000|Banque principale|||BQ024994|20230217|VIREMENT 17/02 REF 51391702|1640,41|0,00|||20230218||
BQ|Banque|BQ00026|20230217|445710|TVA collectee a payer|||BQ024994|20230217|VIREMENT 17/02 REF 51391702|0,00|1640,41|||20230218||
BQ|Banque|BQ00027|20230321|530000|Caisse|||BQ034295|20230321|VIREMENT 23/02 REF 17745990|715,16|0,00|||20230321||
BQ|Banque|BQ00027|20230321|796000|Transferts de charges financieres|||BQ034295|20230321|VIREMENT 23/02 REF 17745990|0,00|715,16|||20230321||
BQ|Banque|BQ00028|20230922|648000|Autres charges de personnel|||BQ095262|20230922|CB 19/02 FOURNISSEUR|462,06|0,00|||20230926||
BQ|Banque|BQ00028|20230922|514000|Cheques postaux|||BQ095262|20230922|CB 19/02 FOURNISSEUR|0,00|462,06|||20230926||
BQ|Banque|BQ00029|20230622|625100|Voyages et deplacements|||BQ066464|20230622|CB 15/02 FOURNISSEUR|1611,07|0,00|||20230628||
BQ|Banque|BQ00029|20230622|428200|Personnel - Conges payes|||BQ066464|20230622|CB 15/02 FOURNISSEUR|0,00|1611,07|||20230628||
BQ|Banque|BQ00030|20230728|706000|Prestations de services|||BQ079222|20230728|OPERATION BANCAIRE 24/02|804,62|0,00|||20230801||
BQ|Banque|BQ00030|20230728|771000|Produits exceptionnels sur operations de gestion|||BQ079222|20230728|OPERATION BANCAIRE 24/02|0,00|804,62|||20230801||
BQ|Banque|BQ00031|20230811|713000|Variation des stocks|||BQ083190|20230811|OPERATION BANCAIRE 13/02|1694,33|0,00|||20230812||
BQ|Banque|BQ00031|20230811|612000|Redevances de credit-bail|||BQ083190|20230811|OPERATION BANCAIRE 13/02|0,00|1694,33|||20230812||
BQ|Banque|BQ00032|20230817|623400|Cadeaux a la clientele|||BQ081291|20230817|CB 25/01 FOURNISSEUR|1934,29|0,00|||20230821||
BQ|Banque|BQ00032|20230819|471000|Compte d'attente|||BQ081291|20230817|CB 25/01 FOURNISSEUR|0,00|1934,29|||20230821||
BQ|Banque|BQ00033|20231120|708500|Ports et frais accessoires factures|||BQ112928|20231120|OPERATION BANCAIRE 25/02|849,54|0,00|||20231120||
BQ|Banque|BQ00033|20231120|281820|Amort. materiel de transport|||BQ112928|20231120|OPERATION BANCAIRE 25/02|0,00|849,54|||20231120||
BQ|Banque|BQ00034|20230203|771000|Produits exceptionnels sur operations de gestion|||BQ025849|20230203|OPERATION BANCAIRE 03/01|1403,43|0,00|||20230204||
BQ|Banque|BQ00034|20230203|645000|Charges de securite sociale et de prevoyance|||BQ025849|20230203|OPERATION BANCAIRE 03/01|0,00|1403,43|||20230204||
BQ|Banque|BQ00035|20230308|781740|Reprises sur provisions sur creances|||BQ035866|20230308|OPERATION BANCAIRE 22/01|1499,07|0,00|||20230310||
BQ|Banque|BQ00035|20230308|654000|Pertes sur creances irrecouvrables|||BQ035866|20230308|OPERATION BANCAIRE 22/01|0,00|1499,07|||20230310||
BQ|Banque|BQ00036|20230120|615600|Maintenance|||BQ018510|20230120|CB 16/02 FOURNISSEUR|1186,45|0,00|||20230124||
BQ|Banque|BQ00036|20230120|486000|Charges constatees d'avance|||BQ018510|20230120|CB 16/02 FOURNISSEUR|0,00|1186,45|||20230124||
BQ|Banque|BQ00037|20230324|763000|Revenus des autres creances|||BQ039765|20230324|OPERATION BANCAIRE 29/01|1784,79|0,00|||20230330||
BQ|Banque|BQ00037|20230324|671000|Charges exceptionnelles sur operations de gestion|||BQ039765|20230324|OPERATION BANCAIRE 29/01|0,00|1784,79|||20230330||
BQ|Banque|BQ00038|20230804|512000|Banque principale|||BQ089100|20230804|VIREMENT 28/01 REF 79874792|1523,49|0,00|||20230806||
BQ|Banque|BQ00038|20230804|445670|TVA collectee|||BQ089100|20230804|VIREMENT 28/01 REF 79874792|0,00|1523,49|||20230806||
BQ|Banque|BQ00039|20230215|408100|Fournisseurs - Factures non parvenues|||BQ023994|20230215|OPERATION BANCAIRE 20/01|246,22|0,00|||20230219||
BQ|Banque|BQ00039|20230215|511000|Valeurs a l'encaissement|||BQ023994|20230215|OPERATION BANCAIRE 20/01|0,00|246,22|||20230219||
BQ|Banque|BQ00040|20230504|615200|Entretien et reparations sur biens immobiliers|||BQ059489|20230504|CB 11/01 FOURNISSEUR|187,34|0,00|||20230510||
BQ|Banque|BQ00040|20230504|425000|Personnel - Avances et acomptes|||BQ059489|20230504|CB 11/01 FOURNISSEUR|0,00|187,34|||20230510||
BQ|Banque|BQ00041|20230922|621000|Personnel exterieur a l'entreprise|||BQ091143|20230922|CB 30/01 FOURNISSEUR|1568,76|0,00|||20230927||
BQ|Banque|BQ00041|20230922|512000|Banque principale|||BQ091143|20230922|CB 30/01 FOURNISSEUR|0,00|1568,76|||20230927||
BQ|Banque|BQ00042|20230213|511000|Valeurs a l'encaissement|||BQ024368|20230213|VIREMENT 06/01 REF 28278184|275,55|0,00|||20230217||
BQ|Banque|BQ00042|20230213|797000|Transferts de charges exceptionnelles|||BQ024368|20230213|VIREMENT 06/01 REF 28278184|0,00|275,55|||20230217||
BQ|Banque|BQ00043|20230210|601000|Achats de matieres premieres|||BQ021550|20230210|CB 26/01 FOURNISSEUR|1069,37|0,00|||20230214||
BQ|Banque|BQ00043|20230210|411000|Clients|C00001|CLIENT ALPHA|BQ021550|20230210|CB 26/01 FOURNISSEUR|0,00|1069,37|||20230214||
BQ|Banque|BQ00044|20230602|798000|Integration fiscale - Produits|||BQ063772|20230602|OPERATION BANCAIRE 29/01|1896,57|0,00|||20230608||
BQ|Banque|BQ00044|20230602|602200|Achats de fournitures consommables|||BQ063772|20230602|OPERATION BANCAIRE 29/01|0,00|1896,57|||20230608||
BQ|Banque|BQ00045|20230428|691000|Participation des salaries aux resultats|||BQ047222|20230428|CB 22/02 FOURNISSEUR|346,30|0,00|||20230502||
BQ|Banque|BQ00045|20230428|416000|Clients douteux|||BQ047222|20230428|CB 22/02 FOURNISSEUR|0,00|346,30|||20230502||
BQ|Banque|BQ00046|20230425|615600|Maintenance|||BQ046416|20230425|CB 14/01 FOURNISSEUR|814,68|0,00|||20230428||
BQ|Banque|BQ00046|20230425|445670|TVA collectee|||BQ046416|20230425|CB 14/01 FOURNISSEUR|0,00|814,68|||20230428||
BQ|Banque|BQ00047|20231208|621000|Personnel exterieur a l'entreprise|||BQ125299|20231208|CB 15/02 FOURNISSEUR|1708,14|0,00|||20231214||
BQ|Banque|BQ00047|20231208|445670|TVA collectee|||BQ125299|20231208|CB 15/02 FOURNISSEUR|0,00|1708,14|||20231214||
BQ|Banque|BQ00048|20230428|580000|Virements internes|||BQ046150|20230428|VIREMENT 20/02 REF 15725011|636,67|0,00|||20230505||
BQ|Banque|BQ00048|20230428|651000|Redevances pour concessions, brevets, licences, etc.|||BQ046150|20230428|VIREMENT 20/02 REF 15725011|0,00|636,67|||20230505||
BQ|Banque|BQ00049|20230310|418100|Clients - Factures a etablir|||BQ037271|20230310|OPERATION BANCAIRE 30/01|597,45|0,00|||20230313||
BQ|Banque|BQ00049|20230310|445670|TVA collectee|||BQ037271|20230310|OPERATION BANCAIRE 30/01|0,00|597,45|||20230313||
BQ|Banque|BQ00050|20230519|628100|Concours divers (cotisations...)|||BQ055025|20230519|CB 10/02 FOURNISSEUR|545,44|0,00|||20230521||
BQ|Banque|BQ00050|20230519|518100|Interets courus a payer|||BQ055025|20230519|CB 10/02 FOURNISSEUR|0,00|545,44|||20230521||
BQ|Banque|BQ00051|20231017|797000|Transferts de charges exceptionnelles|||BQ108621|20231017|OPERATION BANCAIRE 10/02|732,75|0,00|||20231019||
BQ|Banque|BQ00051|20231017|616000|Primes d'assurance|||BQ108621|20231017|OPERATION BANCAIRE 10/02|0,00|732,75|||20231019||
BQ|Banque|BQ00052|20231222|701000|Ventes de produits finis|||AC021072|20231222|OPERATION BANCAIRE 17/02|350,86|0,00|||20231227||
BQ|Banque|BQ00052|20231222|438200|Charges sociales sur conges a payer|||BQ129099|20231222|OPERATION BANCAIRE 17/02|0,00|350,86|||20231227||
BQ|Banque|BQ00053|20230623|518700|Interets courus a recevoir|||BQ069288|20230623|VIREMENT 16/02 REF 97254162|76,99|0,00|||20230623||
BQ|Banque|BQ00053|20230623|713000|Variation des stocks|||BQ069288|20230623|VIREMENT 16/02 REF 97254162|0,00|76,99|||20230623||
BQ|Banque|BQ00054|20230728|628100|Concours divers (cotisations...)|||BQ076703|20230728|CB 25/02 FOURNISSEUR|1080,44|0,00|||20230804||
BQ|Banque|BQ00054|20230728|441000|Etat - Impot sur les benefices|||BQ076703|20230728|CB 25/02 FOURNISSEUR|0,00|1080,44|||20230804||
BQ|Banque|BQ00055|20230412|408100|Fournisseurs - Factures non parvenues|||BQ048849|20230412|OPERATION BANCAIRE 20/02|36,86|0,00|||20230413||
BQ|Banque|BQ00055|20230412|500000|Valeurs mobilieres de placement|||BQ048849|20230412|OPERATION BANCAIRE 20/02|0,00|36,86|||20230413||
BQ|Banque|BQ00056|20231221|798000|Integration fiscale - Produits|||BQ128077|20231221|OPERATION BANCAIRE 27/02|587,21|0,00|||20231221||
BQ|Banque|BQ00056|20231221|168800|Interets courus sur emprunts|||BQ128077|20231221|OPERATION BANCAIRE 27/02|0,00|587,21|||20231221||
BQ|Banque|BQ00057|20230404|621000|Personnel exterieur a l'entreprise|||BQ042795|20230404|CB 22/02 FOURNISSEUR|111,98|0,00|||20230408||
BQ|Banque|BQ00057|20230404|428200|Personnel - Conges payes|||BQ042795|20230404|CB 22/02 FOURNISSEUR|0,00|111,98|||20230408||
BQ|Banque|BQ00058|20230201|518100|Interets courus a payer|||BQ026719|20230201|VIREMENT 22/02 REF 19010871|480,76|0,00|||20230204||
BQ|Banque|BQ00058|20230201|211000|Terrains|||BQ026719|20230201|VIREMENT 22/02 REF 19010871|0,00|480,76|||20230204||
BQ|Banque|BQ00059|20231031|401000|Fournisseurs|F00003|FOURNITURES BUREAU DIRECT|BQ107331|20231031|OPERATION BANCAIRE 25/02|2500,32|0,00|||20231107||
BQ|Banque|BQ00059|20231031|590000|Depreciation des valeurs mobilieres de placement|||BQ107331|20231031|OPERATION BANCAIRE 25/02|0,00|2500,32|||20231107||
BQ|Banque|BQ00060|20230118|403000|Fournisseurs - Effets a payer|||BQ015687|20230118|OPERATION BANCAIRE 15/02|472,40|0,00|||20230125||
BQ|Banque|BQ00060|20230118|451000|Groupe|||BQ015687|20230118|OPERATION BANCAIRE 15/02|0,00|472,40|||20230125||
BQ|Banque|BQ00061|20230918|615200|Entretien et reparations sur biens immobiliers|||BQ097935|20230918|CB 05/02 FOURNISSEUR|1974,87|0,00|||20230920||
BQ|Banque|BQ00061|20230918|445860|TVA sur factures non parvenues|||BQ097935|20230918|CB 05/02 FOURNISSEUR|0,00|1974,87|||20230920||
BQ|Banque|BQ00062|20230407|626000|Frais postaux et de telecommunications|||BQ042984|20230407|CB 31/01 FOURNISSEUR|1438,31|0,00|||20230409||
BQ|Banque|BQ00062|20230407|467000|Autres comptes debiteurs ou crediteurs|||BQ042984|20230407|CB 31/01 FOURNISSEUR|0,00|1438,31|||20230409||
BQ|Banque|BQ00063|20230726|606400|Fournitures administratives|||BQ071227|20230726|CB 12/01 FOURNISSEUR|1722,70|0,00|||20230802||
BQ|Banque|BQ00063|20230726|438200|Charges sociales sur conges a payer|||BQ071227|20230726|CB 12/01 FOURNISSEUR|0,00|1722,70|||20230802||
BQ|Banque|BQ00064|20230214|751000|Redevances pour concessions, brevets, licences, etc.|||BQ026842|20230214|OPERATION BANCAIRE 18/01|1949,80|0,00|||20230214||
BQ|Banque|BQ00064|20230214|622600|Honoraires|||BQ026842|20230214|OPERATION BANCAIRE 18/01|0,00|1949,80|||20230214||
BQ|Banque|BQ00065|20230918|418100|Clients - Factures a etablir|||BQ094389|20230918|OPERATION BANCAIRE 27/01|662,44|0,00|||20230920||
BQ|Banque|BQ00065|20230918|218300|Materiel de bureau et informatique|||BQ094389|20230918|OPERATION BANCAIRE 27/01|0,00|662,44|||20230920||
BQ|Banque|BQ00066|20230916|706000|Prestations de services|||BQ098469|20230914|OPERATION BANCAIRE 23/01|269,72|0,00|||20230914||
BQ|Banque|BQ00066|20230914|648000|Autres charges de personnel|||BQ098469|20230914|OPERATION BANCAIRE 23/01|0,00|269,72|||20230914||
BQ|Banque|BQ00067|20230623|401000|Fournisseurs|F00004|PAPETERIE EXPRESS|BQ063382|20230623|OPERATION BANCAIRE 10/02|100,65|0,00|||20230626||
BQ|Banque|BQ00067|20230623|511000|Valeurs a l'encaissement|||BQ063382|20230623|OPERATION BANCAIRE 10/02|0,00|100,65|||20230626||
BQ|Banque|BQ00068|20230223|623400|Cadeaux a la clientele|||BQ025300|20230223|CB 24/01 FOURNISSEUR|600,54|0,00|||20230302||
BQ|Banque|BQ00068|20230223|487000|Produits constates d'avance|||BQ025300|20230223|CB 24/01 FOURNISSEUR|0,00|600,54|||20230302||
BQ|Banque|BQ00069|20231020|411000|Clients|C00001|CLIENT ALPHA|BQ104685|20231020|OPERATION BANCAIRE 03/02|6751,27|0,00|||20231025||
BQ|Banque|BQ00069|20231020|580000|Virements internes|||BQ104685|20231020|OPERATION BANCAIRE 03/02|0,00|6751,27|||20231025||
BQ|Banque|BQ00070|20230614|664000|Pertes sur cessions de valeurs mobilieres de placement|||BQ062966|20230614|CB 18/01 FOURNISSEUR|436,75|0,00|||20230619||
BQ|Banque|BQ00070|20230614|512100|Banque secondaire|||BQ062966|20230614|CB 18/01 FOURNISSEUR|0,00|436,75|||20230619||
BQ|Banque|BQ00071|20231031|626000|Frais postaux et de telecommunications|||BQ108134|20231031|CB 14/01 FOURNISSEUR|259,24|0,00|||20231102||
BQ|Banque|BQ00071|20231031|518100|Interets courus a payer|||BQ108134|20231031|CB 14/01 FOURNISSEUR|0,00|259,24|||20231102||
BQ|Banque|BQ00072|20231215|661000|Charges d'interets|||BQ124033|20231215|CB 31/01 FOURNISSEUR|1910,75|0,00|||20231219||
BQ|Banque|BQ00072|20231215|445620|TVA deductible sur immobilisations|||BQ124033|20231215|CB 31/01 FOURNISSEUR|0,00|1910,75|||20231219||
BQ|Banque|BQ00073|20230501|512100|Banque secondaire|||BQ056648|20230501|VIREMENT 30/01 REF 84843183|92,99|0,00|||20230506||
BQ|Banque|BQ00073|20230501|403000|Fournisseurs - Effets a payer|||BQ056648|20230501|VIREMENT 30/01 REF 84843183|0,00|92,99|||20230506||
BQ|Banque|BQ00074|20230120|622600|Honoraires|||BQ014096|20230120|CB 24/01 FOURNISSEUR|648,01|0,00|||20230124||
BQ|Banque|BQ00074|20230120|486000|Charges constatees d'avance|||BQ014096|20230120|CB 24/01 FOURNISSEUR|0,00|648,01|||20230124||
BQ|Banque|BQ00075|20230728|781740|Reprises sur provisions sur creances|||BQ072911|20230728|OPERATION BANCAIRE 03/01|106,77|0,00|||20230801||
BQ|Banque|BQ00075|20230728|641000|Remunerations du personnel|||BQ072911|20230728|OPERATION BANCAIRE 03/01|0,00|106,77|||20230801||
BQ|Banque|BQ00076|20230610|665000|Escomptes accordes|||BQ065596|20230609|CB 13/01 FOURNISSEUR|1115,21|0,00|||20230612||
BQ|Banque|BQ00076|20230609|411000|Clients|C00007|CLIENT ETA|BQ065596|20230609|CB 13/01 FOURNISSEUR|0,00|1115,21|||20230612||
BQ|Banque|BQ00077|20230329|517000|Autres organismes financiers|||BQ037511|20230329|VIREMENT 09/01 REF 25795139|321,58|0,00|||20230402||
BQ|Banque|BQ00077|20230329|796000|Transferts de charges financieres|||BQ037511|20230329|VIREMENT 09/01 REF 25795139|0,00|321,58|||20230402||
BQ|Banque|BQ00078|20230914|681120|Dot. amort. sur immo. corporelles|||BQ099759|20230914|CB 25/01 FOURNISSEUR|1755,63|0,00|||20230917||
BQ|Banque|BQ00078|20230916|428200|Personnel - Conges payes|||BQ099759|20230914|CB 25/01 FOURNISSEUR|0,00|1755,63|||20230917||
BQ|Banque|BQ00079|20230407|681740|Dot. provisions sur creances|||BQ045105|20230407|CB 02/02 FOURNISSEUR|1231,68|0,00|||20230414||
BQ|Banque|BQ00079|20230407|408100|Fournisseurs - Factures non parvenues|||BQ045105|20230407|CB 02/02 FOURNISSEUR|0,00|1231,68|||20230414||
BQ|Banque|BQ00080|20230512|681110|Dot. amort. sur immo. incorporelles|||BQ056450|20230512|CB 20/01 FOURNISSEUR|1497,40|0,00|||20230517||
BQ|Banque|BQ00080|20230512|418100|Clients - Factures a etablir|||BQ056450|20230512|CB 20/01 FOURNISSEUR|0,00|1497,40|||20230517||
BQ|Banque|BQ00081|20230620|623400|Cadeaux a la clientele|||BQ065740|20230620|CB 29/01 FOURNISSEUR|1158,93|0,00|||20230620||
BQ|Banque|BQ00081|20230620|413000|Clients - Effets a recevoir|||BQ065740|20230620|CB 29/01 FOURNISSEUR|0,00|1158,93|||20230620||
BQ|Banque|BQ00082|20231208|706000|Prestations de services|||BQ121242|20231208|OPERATION BANCAIRE 12/01|1207,46|0,00|||20231215||
BQ|Banque|BQ00082|20231208|767000|Produits nets sur cessions de valeurs mobilieres de placement|||BQ121242|20231208|OPERATION BANCAIRE 12/01|0,00|1207,46|||20231215||
BQ|Banque|BQ00083|20231117|681110|Dot. amort. sur immo. incorporelles|||BQ119986|20231117|CB 12/02 FOURNISSEUR|898,47|0,00|||20231117||
BQ|Banque|BQ00083|20231117|500000|Valeurs mobilieres de placement|||BQ119986|20231117|CB 12/02 FOURNISSEUR|0,00|898,47|||20231117||
BQ|Banque|BQ00084|20230419|613500|Locations mobilieres|||BQ042919|20230419|CB 27/02 FOURNISSEUR|1324,87|0,00|||20230424||
BQ|Banque|BQ00084|20230419|590000|Depreciation des valeurs mobilieres de placement|||BQ042919|20230419|CB 27/02 FOURNISSEUR|0,00|1324,87|||20230424||
BQ|Banque|BQ00085|20231214|713000|Variation des stocks|||BQ128449|20231214|OPERATION BANCAIRE 08/01|1690,72|0,00|||20231214||
BQ|Banque|BQ00085|20231214|218200|Materiel de transport|||BQ128449|20231214|OPERATION BANCAIRE 08/01|0,00|1690,72|||20231214||
BQ|Banque|BQ00086|20230214|631000|Impots, taxes et versements assimiles sur remunerations|||BQ026998|20230214|CB 28/01 FOURNISSEUR|1330,61|0,00|||20230219||
BQ|Banque|BQ00086|20230214|421000|Personnel - Remunerations dues|||BQ026998|20230214|CB 28/01 FOURNISSEUR|0,00|1330,61|||20230219||
BQ|Banque|BQ00087|20231214|612000|Redevances de credit-bail|||BQ123433|20231214|CB 17/02 FOURNISSEUR|812,79|0,00|||20231216||
BQ|Banque|BQ00087|20231214|445620|TVA deductible sur immobilisations|||BQ123433|20231214|CB 17/02 FOURNISSEUR|0,00|812,79|||20231216||
BQ|Banque|BQ00088|20230428|615200|Entretien et reparations sur biens immobiliers|||BQ042213|20230428|CB 07/01 FOURNISSEUR|1684,26|0,00|||20230504||
BQ|Banque|BQ00088|20230428|471000|Compte d'attente|||BQ042213|20230428|CB 07/01 FOURNISSEUR|0,00|1684,26|||20230504||
BQ|Banque|BQ00089|20230522|666000|Pertes de change|||BQ052792|20230522|CB 04/02 FOURNISSEUR|1710,08|0,00|||20230527||
BQ|Banque|BQ00089|20230522|530000|Caisse|||BQ052792|20230522|CB 04/02 FOURNISSEUR|0,00|1710,08|||20230527||
BQ|Banque|BQ00090|20230508|602100|Achats de matieres consommables|||BQ053424|20230508|CB 18/01 FOURNISSEUR|1484,31|0,00|||20230514||
BQ|Banque|BQ00090|20230508|517000|Autres organismes financiers|||BQ053424|20230508|CB 18/01 FOURNISSEUR|0,00|1484,31|||20230514||
BQ|Banque|BQ00091|20230925|606100|Electricite, gaz, eau|||VE121717|20230925|CB 25/02 FOURNISSEUR|681,93|0,00|||20230925||
BQ|Banque|BQ00091|20230925|486000|Charges constatees d'avance|||BQ093160|20230925|CB 25/02 FOURNISSEUR|0,00|681,93|||20230925||
BQ|Banque|BQ00092|20230303|698000|Integration fiscale - Charges|||BQ034833|20230303|CB 24/02 FOURNISSEUR|1675,33|0,00|||20230307||
BQ|Banque|BQ00092|20230303|438200|Charges sociales sur conges a payer|||BQ034833|20230303|CB 24/02 FOURNISSEUR|0,00|1675,33|||20230307||
BQ|Banque|BQ00093|20231207|758000|Produits divers de gestion courante|||BQ121000|20231207|OPERATION BANCAIRE 22/01|1744,72|0,00|||20231214||
BQ|Banque|BQ00093|20231207|404000|Fournisseurs d'immobilisations|||BQ121000|20231207|OPERATION BANCAIRE 22/01|0,00|1744,72|||20231214||
BQ|Banque|BQ00094|20230616|706000|Prestations de services|||BQ064066|20230616|OPERATION BANCAIRE 30/01|583,60|0,00|||20230619||
BQ|Banque|BQ00094|20230616|486000|Charges constatees d'avance|||BQ064066|20230616|OPERATION BANCAIRE 30/01|0,00|583,60|||20230619||
BQ|Banque|BQ00095|20230404|500000|Valeurs mobilieres de placement|||BQ045825|20230404|VIREMENT 24/01 REF 93805463|856,95|0,00|||20230411||
BQ|Banque|BQ00095|20230404|491000|Depreciation des comptes clients|||BQ045825|20230404|VIREMENT 24/01 REF 93805463|0,00|856,95|||20230411||
BQ|Banque|BQ00096|20230818|614000|Charges locatives|||BQ086675|20230818|CB 11/02 FOURNISSEUR|839,24|0,00|||20230819||
BQ|Banque|BQ00096|20230818|441000|Etat - Impot sur les benefices|||BQ086675|20230818|CB 11/02 FOURNISSEUR|0,00|839,24|||20230819||
BQ|Banque|BQ00097|20230124|614000|Charges locatives|||BQ019788|20230124|CB 30/01 FOURNISSEUR|634,12|0,00|||20230127||
BQ|Banque|BQ00097|20230124|451000|Groupe|||BQ019788|20230124|CB 30/01 FOURNISSEUR|0,00|634,12|||20230127||
BQ|Banque|BQ00098|20230421|409100|Fournisseurs - Avances et acomptes verses|||BQ045667|20230421|OPERATION BANCAIRE 10/01|550,78|0,00|||20230426||
BQ|Banque|BQ00098|20230421|215400|Materiel industriel|||BQ045667|20230421|OPERATION BANCAIRE 10/01|0,00|550,78|||20230426||
BQ|Banque|BQ00099|20231124|625700|Receptions|||BQ115943|20231124|CB 30/01 FOURNISSEUR|1847,54|0,00|||20231124||
BQ|Banque|BQ00099|20231124|437000|Autres organismes sociaux|||BQ115943|20231124|CB 30/01 FOURNISSEUR|0,00|1847,54|||20231124||
BQ|Banque|BQ00100|20231124|635000|Autres impots, taxes et versements assimiles|||BQ113089|20231124|CB 09/01 FOURNISSEUR|1612,92|0,00|||20231125||
BQ|Banque|BQ00100|20231124|408400|Fournisseurs d'immobilisations - Factures non parvenues|||BQ113089|20231124|CB 09/01 FOURNISSEUR|0,00|1612,92|||20231125||
BQ|Banque|BQ00101|20231121|530000|Caisse|||BQ117055|20231121|VIREMENT 06/02 REF 4079057|424,73|0,00|||20231124||
BQ|Banque|BQ00101|20231121|607000|Achats de marchandises|||BQ117055|20231121|VIREMENT 06/02 REF 4079057|0,00|424,73|||20231124||
BQ|Banque|BQ00102|20231214|530000|Caisse|||BQ123451|20231214|VIREMENT 07/01 REF 97897816|959,50|0,00|||20231214||
BQ|Banque|BQ00102|20231214|606400|Fournitures administratives|||BQ123451|20231214|VIREMENT 07/01 REF 97897816|0,00|959,50|||20231214||
BQ|Banque|BQ00103|20230728|518700|Interets courus a recevoir|||BQ071710|20230728|VIREMENT 22/01 REF 51104075|674,20|0,00|||20230731||
BQ|Banque|BQ00103|20230728|231000|Immobilisations corporelles en cours|||BQ071710|20230728|VIREMENT 22/01 REF 51104075|0,00|674,20|||20230731||
BQ|Banque|BQ00104|20230804|686500|Dot. provisions pour risques et charges financiers|||BQ088225|20230804|CB 05/01 FOURNISSEUR|672,76|0,00|||20230809||
BQ|Banque|BQ00104|20230804|455000|Associes - Comptes courants|||BQ088225|20230804|CB 05/01 FOURNISSEUR|0,00|672,76|||20230809||
BQ|Banque|BQ00105|20230707|665000|Escomptes accordes|||BQ078305|20230707|CB 10/02 FOURNISSEUR|1007,81|0,00|||20230708||
BQ|Banque|BQ00105|20230707|419100|Clients - Avances et acomptes recus|||BQ078305|20230707|CB 10/02 FOURNISSEUR|0,00|1007,81|||20230708||
BQ|Banque|BQ00106|20231207|633000|Impots, taxes et versements assimiles sur remunerations (autres organismes)|||BQ129458|20231207|CB 27/02 FOURNISSEUR|1915,14|0,00|||20231209||
BQ|Banque|BQ00106|20231207|401000|Fournisseurs|F00005|BUREAU VERITAS|BQ129458|20231207|CB 27/02 FOURNISSEUR|0,00|1915,14|F9|20231220|20231209||
BQ|Banque|BQ00107|20230116|408400|Fournisseurs d'immobilisations - Factures non parvenues|||BQ014498|20230116|OPERATION BANCAIRE 02/02|149,80|0,00|||20230122||
BQ|Banque|BQ00107|20230116|213100|Constructions - Batiments|||BQ014498|20230116|OPERATION BANCAIRE 02/02|0,00|149,80|||20230122||
BQ|Banque|BQ00108|20230825|681120|Dot. amort. sur immo. corporelles|||BQ086288|20230825|CB 04/02 FOURNISSEUR|1187,39|0,00|||20230828||
BQ|Banque|BQ00108|20230825|416000|Clients douteux|||BQ086288|20230825|CB 04/02 FOURNISSEUR|0,00|1187,39|||20230828||
BQ|Banque|BQ00109|20231208|651000|Redevances pour concessions, brevets, licences, etc.|||BQ128839|20231208|CB 03/02 FOURNISSEUR|1769,95|0,00|||20231215||
BQ|Banque|BQ00109|20231208|428200|Personnel - Conges payes|||BQ128839|20231208|CB 03/02 FOURNISSEUR|0,00|1769,95|||20231215||
BQ|Banque|BQ00110|20230428|635000|Autres impots, taxes et versements assimiles|||BQ044649|20230428|CB 11/01 FOURNISSEUR|1764,92|0,00|||20230429||
BQ|Banque|BQ00110|20230428|411000|Clients|C00010|CLIENT KAPPA|BQ044649|20230428|CB 11/01 FOURNISSEUR|0,00|1764,92|||20230429||
BQ|Banque|BQ00111|20230901|606400|Fournitures administratives|||BQ095343|20230901|CB 26/02 FOURNISSEUR|891,16|0,00|||20230901||
BQ|Banque|BQ00111|20230901|517000|Autres organismes financiers|||BQ095343|20230901|CB 26/02 FOURNISSEUR|0,00|891,16|||20230901||
BQ|Banque|BQ00112|20230929|661000|Charges d'interets|||BQ098990|20230929|CB 26/02 FOURNISSEUR|746,46|0,00|||20230930||
BQ|Banque|BQ00112|20230929|451000|Groupe|||BQ098990|20230929|CB 26/02 FOURNISSEUR|0,00|746,46|||20230930||
BQ|Banque|BQ00113|20231208|642000|Remunerations des dirigeants|||BQ129449|20231208|CB 01/02 FOURNISSEUR|977,45|0,00|||20231208||
BQ|Banque|BQ00113|20231208|445670|TVA collectee|||BQ129449|20231208|CB 01/02 FOURNISSEUR|0,00|977,45|||20231208||
BQ|Banque|BQ00114|20231003|766000|Gains de change|||BQ102472|20231003|OPERATION BANCAIRE 16/01|74,00|0,00|||20231007||
BQ|Banque|BQ00114|20231003|491000|Depreciation des comptes clients|||BQ102472|20231003|OPERATION BANCAIRE 16/01|0,00|74,00|||20231007||
BQ|Banque|BQ00115|20231006|606300|Fournitures d'entretien et petit equipement|||BQ102139|20231006|CB 02/01 FOURNISSEUR|1775,81|0,00|||20231006||
BQ|Banque|BQ00115|20231006|408400|Fournisseurs d'immobilisations - Factures non parvenues|||BQ102139|20231006|CB 02/01 FOURNISSEUR|0,00|1775,81|||20231006||
BQ|Banque|BQ00116|20230330|623100|Annonces et insertions|||BQ035074|20230330|CB 11/01 FOURNISSEUR|1704,67|0,00|||20230331||
BQ|Banque|BQ00116|20230330|590000|Depreciation des valeurs mobilieres de placement|||BQ035074|20230330|CB 11/01 FOURNISSEUR|0,00|1704,67|||20230331||
BQ|Banque|BQ00117|20230721|518700|Interets courus a recevoir|||BQ072210|20230721|VIREMENT 09/01 REF 44042840|924,59|0,00|||20230728||
BQ|Banque|BQ00117|20230721|409100|Fournisseurs - Avances et acomptes verses|||BQ072210|20230721|VIREMENT 09/01 REF 44042840|0,00|924,59|||20230728||
BQ|Banque|BQ00118|20231025|681120|Dot. amort. sur immo. corporelles|||BQ108165|20231025|CB 13/01 FOURNISSEUR|601,83|0,00|||20231027||
BQ|Banque|BQ00118|20231025|580000|Virements internes|||BQ108165|20231025|CB 13/01 FOURNISSEUR|0,00|601,83|||20231027||
BQ|Banque|BQ00119|20230410|413000|Clients - Effets a recevoir|||BQ048127|20230410|OPERATION BANCAIRE 16/01|999,08|0,00|||20230412||
BQ|Banque|BQ00119|20230410|708500|Ports et frais accessoires factures|||BQ048127|20230410|OPERATION BANCAIRE 16/01|0,00|999,08|||20230412||
BQ|Banque|BQ00120|20230525|797000|Transferts de charges exceptionnelles|||BQ056055|20230525|OPERATION BANCAIRE 30/01|1136,95|0,00|||20230531||
BQ|Banque|BQ00120|20230525|427000|Personnel - Oppositions|||BQ056055|20230525|OPERATION BANCAIRE 30/01|0,00|1136,95|||20230531||
BQ|Banque|BQ00121|20230414|622700|Frais d'actes et de contentieux|||BQ044209|20230414|CB 16/01 FOURNISSEUR|1222,23|0,00|||20230419||
BQ|Banque|BQ00121|20230414|411000|Clients|C00009|CLIENT IOTA|BQ044209|20230414|CB 16/01 FOURNISSEUR|0,00|1222,23|||20230419||
BQ|Banque|BQ00122|20231123|664000|Pertes sur cessions de valeurs mobilieres de placement|||BQ118412|20231123|CB 18/01 FOURNISSEUR|554,34|0,00|||20231129||
BQ|Banque|BQ00122|20231123|401000|Fournisseurs|F00001|DALKIA FRANCE|BQ118412|20231123|CB 18/01 FOURNISSEUR|0,00|554,34|||20231129||
BQ|Banque|BQ00123|20230113|707000|Ventes de marchandises|||BQ017697|20230113|OPERATION BANCAIRE 15/01|1362,59|0,00|||20230118||
BQ|Banque|BQ00123|20230113|411000|Clients|C00002|CLIENT BETA|BQ017697|20230113|OPERATION BANCAIRE 15/01|0,00|1362,59|||20230118||
BQ|Banque|BQ00124|20230623|613500|Locations mobilieres|||BQ067680|20230623|CB 19/01 FOURNISSEUR|731,23|0,00|||20230628||
BQ|Banque|BQ00124|20230623|530000|Caisse|||BQ067680|20230623|CB 19/01 FOURNISSEUR|0,00|731,23|||20230628||
BQ|Banque|BQ00125|20231222|661000|Charges d'interets|||BQ124165|20231222|CB 18/02 FOURNISSEUR|219,26|0,00|||20231228||
BQ|Banque|BQ00125|20231222|438200|Charges sociales sur conges a payer|||BQ124165|20231222|CB 18/02 FOURNISSEUR|0,00|219,26|||20231228||
BQ|Banque|BQ00126|20231020|615600|Maintenance|||BQ106984|20231020|CB 23/01 FOURNISSEUR|1197,95|0,00|||20231021||
BQ|Banque|BQ00126|20231020|486000|Charges constatees d'avance|||BQ106984|20231020|CB 23/01 FOURNISSEUR|0,00|1197,95|||20231021||
BQ|Banque|BQ00127|20230901|403000|Fournisseurs - Effets a payer|||BQ098607|20230901|OPERATION BANCAIRE 11/01|987,63|0,00|||20230903||
BQ|Banque|BQ00127|20230901|687000|Dot. amort. et provisions exceptionnels|||BQ098607|20230901|OPERATION BANCAIRE 11/01|0,00|987,63|||20230903||
BQ|Banque|BQ00128|20231208|614000|Charges locatives|||BQ128048|20231208|CB 05/02 FOURNISSEUR|827,55|0,00|||20231211||
BQ|Banque|BQ00128|20231208|445520|TVA due intracommunautaire|||BQ128048|20231208|CB 05/02 FOURNISSEUR|0,00|827,55|||20231211||
BQ|Banque|BQ00129|20231201|411000|Clients|C00006|CLIENT ZETA|BQ127570|20231201|OPERATION BANCAIRE 26/02|7312,16|0,00|V2|20231213|20231205||
BQ|Banque|BQ00129|20231201|408400|Fournisseurs d'immobilisations - Factures non parvenues|||BQ127570|20231201|OPERATION BANCAIRE 26/02|0,00|7312,16|||20231205||
BQ|Banque|BQ00130|20230818|681120|Dot. amort. sur immo. corporelles|||BQ084924|20230818|CB 29/01 FOURNISSEUR|1248,26|0,00|||20230818||
BQ|Banque|BQ00130|20230818|447100|Autres impots, taxes et versements assimiles|||BQ084924|20230818|CB 29/01 FOURNISSEUR|0,00|1248,26|||20230818||
BQ|Banque|BQ00131|20230616|633000|Impots, taxes et versements assimiles sur remunerations (autres organismes)|||BQ065845|20230616|CB 05/02 FOURNISSEUR|141,97|0,00|||20230616||
BQ|Banque|BQ00131|20230616|438200|Charges sociales sur conges a payer|||BQ065845|20230616|CB 05/02 FOURNISSEUR|0,00|141,97|||20230616||
BQ|Banque|BQ00132|20230728|654000|Pertes sur creances irrecouvrables|||BQ078219|20230728|CB 03/02 FOURNISSEUR|147,54|0,00|||20230731||
BQ|Banque|BQ00132|20230728|401000|Fournisseurs|F00001|DALKIA FRANCE|BQ078219|20230728|CB 03/02 FOURNISSEUR|0,00|147,54|J2|20231221|20230731||
BQ|Banque|BQ00133|20230410|618500|Frais de colloques, seminaires, conferences|||BQ049457|20230410|CB 16/01 FOURNISSEUR|1944,05|0,00|||20230413||
BQ|Banque|BQ00133|20230410|517000|Autres organismes financiers|||BQ049457|20230410|CB 16/01 FOURNISSEUR|0,00|1944,05|||20230413||
BQ|Banque|BQ00134|20230725|701000|Ventes de produits finis|||BQ072061|20230725|OPERATION BANCAIRE 11/01|1775,60|0,00|||20230727||
BQ|Banque|BQ00134|20230725|441000|Etat - Impot sur les benefices|||BQ072061|20230725|OPERATION BANCAIRE 11/01|0,00|1775,60|||20230727||
BQ|Banque|BQ00135|20230407|695000|Impots sur les benefices|||BQ047391|20230407|CB 01/01 FOURNISSEUR|686,82|0,00|||20230414||
BQ|Banque|BQ00135|20230407|511000|Valeurs a l'encaissement|||BQ047391|20230407|CB 01/01 FOURNISSEUR|0,00|686,82|||20230414||
BQ|Banque|BQ00136|20230103|766000|Gains de change|||BQ018536|20230103|OPERATION BANCAIRE 24/01|187,01|0,00|||20230104||
BQ|Banque|BQ00136|20230103|445860|TVA sur factures non parvenues|||BQ018536|20230103|OPERATION BANCAIRE 24/01|0,00|187,01|||20230104||
BQ|Banque|BQ00137|20230831|413000|Clients - Effets a recevoir|||BQ088386|20230831|OPERATION BANCAIRE 16/02|337,05|0,00|||20230831||
BQ|Banque|BQ00137|20230831|408100|Fournisseurs - Factures non parvenues|||BQ088386|20230831|OPERATION BANCAIRE 16/02|0,00|337,05|||20230831||
BQ|Banque|BQ00138|20230811|514000|Cheques postaux|||BQ082049|20230811|VIREMENT 11/01 REF 46589296|830,38|0,00|||20230816||
BQ|Banque|BQ00138|20230811|416000|Clients douteux|||BQ082049|20230811|VIREMENT 11/01 REF 46589296|0,00|830,38|||20230816||
BQ|Banque|BQ00139|20231213|411000|Clients|C00001|CLIENT ALPHA|BQ121147|20231213|OPERATION BANCAIRE 07/02|6204,02|0,00|||20231217||
BQ|Banque|BQ00139|20231213|355000|Produits finis (groupe)|||BQ121147|20231213|OPERATION BANCAIRE 07/02|0,00|6204,02|||20231217||
BQ|Banque|BQ00140|20230206|767000|Produits nets sur cessions de valeurs mobilieres de placement|||BQ029564|20230206|OPERATION BANCAIRE 23/01|184,54|0,00|||20230208||
BQ|Banque|BQ00140|20230206|508000|Interets courus sur VMP|||BQ029564|20230206|OPERATION BANCAIRE 23/01|0,00|184,54|||20230208||
BQ|Banque|BQ00141|20231213|602260|Achats d'emballages|||BQ124120|20231213|CB 09/01 FOURNISSEUR|1314,60|0,00|||20231217||
BQ|Banque|BQ00141|20231213|403000|Fournisseurs - Effets a payer|||BQ124120|20231213|CB 09/01 FOURNISSEUR|0,00|1314,60|||20231217||
BQ|Banque|BQ00142|20230203|642000|Remunerations des dirigeants|||BQ022715|20230203|CB 19/02 FOURNISSEUR|995,19|0,00|||20230207||
BQ|Banque|BQ00142|20230203|518100|Interets courus a payer|||BQ022715|20230203|CB 19/02 FOURNISSEUR|0,00|995,19|||20230207||
BQ|Banque|BQ00143|20230601|664000|Pertes sur cessions de valeurs mobilieres de placement|||BQ063685|20230601|CB 12/01 FOURNISSEUR|1585,09|0,00|||20230607||
BQ|Banque|BQ00143|20230601|486000|Charges constatees d'avance|||BQ063685|20230601|CB 12/01 FOURNISSEUR|0,00|1585,09|||20230607||
BQ|Banque|BQ00144|20230417|623100|Annonces et insertions|||BQ044104|20230417|CB 22/01 FOURNISSEUR|431,12|0,00|||20230417||
BQ|Banque|BQ00144|20230417|511000|Valeurs a l'encaissement|||BQ044104|20230417|CB 22/01 FOURNISSEUR|0,00|431,12|||20230417||
BQ|Banque|BQ00145|20230113|681740|Dot. provisions sur creances|||BQ015729|20230113|CB 06/01 FOURNISSEUR|220,68|0,00|||20230119||
BQ|Banque|BQ00145|20230113|445620|TVA deductible sur immobilisations|||BQ015729|20230113|CB 06/01 FOURNISSEUR|0,00|220,68|||20230119||
BQ|Banque|BQ00146|20231114|508000|Interets courus sur VMP|||BQ118267|20231114|VIREMENT 27/01 REF 41101115|224,82|0,00|||20231117||
BQ|Banque|BQ00146|20231114|215400|Materiel industriel|||BQ118267|20231114|VIREMENT 27/01 REF 41101115|0,00|224,82|||20231117||
BQ|Banque|BQ00147|20230410|602100|Achats de matieres consommables|||BQ047941|20230410|CB 18/01 FOURNISSEUR|1056,14|0,00|||20230415||
BQ|Banque|BQ00147|20230410|511000|Valeurs a l'encaissement|||BQ047941|20230410|CB 18/01 FOURNISSEUR|0,00|1056,14|||20230415||
BQ|Banque|BQ00148|20230629|500000|Valeurs mobilieres de placement|||BQ061547|20230629|VIREMENT 11/02 REF 1095588|695,39|0,00|||20230630||
BQ|Banque|BQ00148|20230629|418100|Clients - Factures a etablir|||BQ061547|20230629|VIREMENT 11/02 REF 1095588|0,00|695,39|||20230630||
BQ|Banque|BQ00149|20230829|530000|Caisse|||BQ083393|20230829|VIREMENT 20/01 REF 94012120|290,98|0,00|||20230831||
BQ|Banque|BQ00149|20230829|658000|Charges diverses de gestion courante|||BQ083393|20230829|VIREMENT 20/01 REF 94012120|0,00|290,98|||20230831||
BQ|Banque|BQ00150|20230519|401000|Fournisseurs|F00003|FOURNITURES BUREAU DIRECT|BQ057601|20230519|OPERATION BANCAIRE 28/01|1702,24|0,00|||20230526||
BQ|Banque|BQ00150|20230519|518100|Interets courus a payer|||BQ057601|20230519|OPERATION BANCAIRE 28/01|0,00|1702,24|||20230526||
BQ|Banque|BQ00151|20230807|709000|Rabais, remises et ristournes accordes|||BQ085243|20230807|OPERATION BANCAIRE 05/01|1089,96|0,00|||20230813||
BQ|Banque|BQ00151|20230807|651000|Redevances pour concessions, brevets, licences, etc.|||BQ085243|20230807|OPERATION BANCAIRE 05/01|0,00|1089,96|||20230813||
BQ|Banque|BQ00152|20230901|606400|Fournitures administratives|||BQ095429|20230901|CB 01/02 FOURNISSEUR|1931,07|0,00|||20230905||
BQ|Banque|BQ00152|20230901|445620|TVA deductible sur immobilisations|||BQ095429|20230901|CB 01/02 FOURNISSEUR|0,00|1931,07|||20230905||
BQ|Banque|BQ00153|20231005|625700|Receptions|||BQ108515|20231005|CB 21/01 FOURNISSEUR|834,21|0,00|||20231011||
BQ|Banque|BQ00153|20231005|468600|Charges a payer|||BQ108515|20231005|CB 21/01 FOURNISSEUR|0,00|834,21|||20231011||
BQ|Banque|BQ00154|20230428|614000|Charges locatives|||BQ044880|20230428|CB 26/02 FOURNISSEUR|1442,79|0,00|||20230505||
BQ|Banque|BQ00154|20230428|468600|Charges a payer|||BQ044880|20230428|CB 26/02 FOURNISSEUR|0,00|1442,79|||20230505||
BQ|Banque|BQ00155|20230725|647000|Autres charges sociales|||BQ072072|20230725|CB 16/02 FOURNISSEUR|1167,50|0,00|||20230731||
BQ|Banque|BQ00155|20230725|445670|TVA collectee|||BQ072072|20230725|CB 16/02 FOURNISSEUR|0,00|1167,50|||20230731||
BQ|Banque|BQ00156|20230308|762000|Produits des autres immobilisations financieres|||BQ039001|20230308|OPERATION BANCAIRE 27/02|1422,98|0,00|||20230314||
BQ|Banque|BQ00156|20230308|616000|Primes d'assurance|||BQ039001|20230308|OPERATION BANCAIRE 27/02|0,00|1422,98|||20230314||
BQ|Banque|BQ00157|20230901|530000|Caisse|||BQ097644|20230901|VIREMENT 27/02 REF 4549335|426,45|0,00|||20230902||
BQ|Banque|BQ00157|20230901|613500|Locations mobilieres|||BQ097644|20230901|VIREMENT 27/02 REF 4549335|0,00|426,45|||20230902||
BQ|Banque|BQ00158|20231201|602100|Achats de matieres consommables|||BQ121690|20231201|CB 21/01 FOURNISSEUR|709,36|0,00|||20231202||
BQ|Banque|BQ00158|20231201|471000|Compte d'attente|||BQ121690|20231201|CB 21/01 FOURNISSEUR|0,00|709,36|||20231202||
BQ|Banque|BQ00159|20230113|758000|Produits divers de gestion courante|||BQ017946|20230113|OPERATION BANCAIRE 26/02|320,05|0,00|||20230119||
BQ|Banque|BQ00159|20230113|666000|Pertes de change|||BQ017946|20230113|OPERATION BANCAIRE 26/02|0,00|320,05|||20230119||
BQ|Banque|BQ00160|20231208|781740|Reprises sur provisions sur creances|||BQ123190|20231208|OPERATION BANCAIRE 11/01|493,79|0,00|||20231208||
BQ|Banque|BQ00160|20231208|486000|Charges constatees d'avance|||BQ123190|20231208|OPERATION BANCAIRE 11/01|0,00|493,79|||20231208||
BQ|Banque|BQ00161|20231208|796000|Transferts de charges financieres|||BQ123068|20231208|OPERATION BANCAIRE 10/02|426,33|0,00|||20231208||
BQ|Banque|BQ00161|20231208|321000|Matieres consommables|||BQ123068|20231208|OPERATION BANCAIRE 10/02|0,00|426,33|||20231208||
BQ|Banque|BQ00162|20230228|720000|Production immobilisee|||BQ022495|20230228|OPERATION BANCAIRE 22/02|819,52|0,00|||20230228||
BQ|Banque|BQ00162|20230228|427000|Personnel - Oppositions|||BQ022495|20230228|OPERATION BANCAIRE 22/02|0,00|819,52|||20230228||
BQ|Banque|BQ00163|20231213|762000|Produits des autres immobilisations financieres|||BQ122386|20231213|OPERATION BANCAIRE 18/01|1388,57|0,00|||20231217||
BQ|Banque|BQ00163|20231213|625100|Voyages et deplacements|||BQ122386|20231213|OPERATION BANCAIRE 18/01|0,00|1388,57|||20231217||
BQ|Banque|BQ00164|20230428|720000|Production immobilisee|||BQ048647|20230428|OPERATION BANCAIRE 25/01|76,12|0,00|||20230428||
BQ|Banque|BQ00164|20230428|713000|Variation des stocks|||BQ048647|20230428|OPERATION BANCAIRE 25/01|0,00|76,12|||20230428||
BQ|Banque|BQ00165|20230629|602260|Achats d'emballages|||BQ067882|20230629|CB 11/02 FOURNISSEUR|740,67|0,00|||20230702||
BQ|Banque|BQ00165|20230629|512000|Banque principale|||BQ067882|20230629|CB 11/02 FOURNISSEUR|0,00|740,67|||20230702||
BQ|Banque|BQ00166|20231225|409100|Fournisseurs - Avances et acomptes verses|||BQ125504|20231225|OPERATION BANCAIRE 16/02|424,29|0,00|||20231229||
BQ|Banque|BQ00166|20231225|751000|Redevances pour concessions, brevets, licences, etc.|||BQ125504|20231225|OPERATION BANCAIRE 16/02|0,00|424,29|||20231229||
BQ|Banque|BQ00167|20231108|408100|Fournisseurs - Factures non parvenues|||BQ112578|20231108|OPERATION BANCAIRE 03/02|228,97|0,00|||20231115||
BQ|Banque|BQ00167|20231108|416000|Clients douteux|||BQ112578|20231108|OPERATION BANCAIRE 03/02|0,00|228,97|||20231115||
BQ|Banque|BQ00168|20230630|764000|Revenus des valeurs mobilieres de placement|||BQ066588|20230630|OPERATION BANCAIRE 16/01|258,22|0,00|||20230705||
BQ|Banque|BQ00168|20230630|681500|Dot. provisions pour risques et charges d'exploitation|||BQ066588|20230630|OPERATION BANCAIRE 16/01|0,00|258,22|||20230705||
BQ|Banque|BQ00169|20230417|625700|Receptions|||BQ043601|20230417|CB 18/01 FOURNISSEUR|121,54|0,00|||20230423||
BQ|Banque|BQ00169|20230417|468600|Charges a payer|||BQ043601|20230417|CB 18/01 FOURNISSEUR|0,00|121,54|||20230423||
CA|Caisse|CA00001|20230621|761000|Produits de participations|||CA066322|20230621|OPERATION DIVERSE 19/02/2025|1326,84|0,00|||20230626||
CA|Caisse|CA00001|20230621|445660|TVA deductible sur ABS|||CA066322|20230621|OPERATION DIVERSE 19/02/2025|0,00|1326,84|||20230626||
CA|Caisse|CA00002|20230102|106100|Reserve legale|||CA017148|20230102|OPERATION DIVERSE 03/02/2025|389,06|0,00|||20230107||
CA|Caisse|CA00002|20230102|687000|Dot. amort. et provisions exceptionnels|||CA017148|20230102|OPERATION DIVERSE 03/02/2025|0,00|389,06|||20230107||
CA|Caisse|CA00003|20230913|765000|Escomptes obtenus|||CA091686|20230913|OPERATION DIVERSE 11/01/2025|958,90|0,00|||20230917||
CA|Caisse|CA00003|20230916|311000|Matieres premieres|||CA091686|20230913|OPERATION DIVERSE 11/01/2025|0,00|958,90|||20230917||
CA|Caisse|CA00004|20231215|409100|Fournisseurs - Avances et acomptes verses|||CA129129|20231215|OPERATION DIVERSE 17/02/2025|564,01|0,00|||20231222||
CA|Caisse|CA00004|20231215|281810|Amort. installations generales|||CA129129|20231215|OPERATION DIVERSE 17/02/2025|0,00|564,01|||20231222||
CA|Caisse|CA00005|20230502|781500|Reprises sur provisions pour risques et charges d'exploitation|||CA057461|20230502|OPERATION DIVERSE 12/01/2025|1661,45|0,00|||20230507||
CA|Caisse|CA00005|20230502|445860|TVA sur factures non parvenues|||CA057461|20230502|OPERATION DIVERSE 12/01/2025|0,00|1661,45|||20230507||
CA|Caisse|CA00006|20231120|350000|Produits finis|||CA119258|20231120|OPERATION DIVERSE 17/01/2025|283,18|0,00|||20231127||
CA|Caisse|CA00006|20231125|371000|Stock de marchandises|||CA119258|20231120|OPERATION DIVERSE 17/01/2025|0,00|283,18|||20231127||
CA|Caisse|CA00007|20231114|218400|Mobilier|||CA113831|20231114|OPERATION DIVERSE 13/01/2025|10592,36|0,00|||20231114||
CA|Caisse|CA00007|20231114|404000|Fournisseurs d'immobilisations|||CA113831|20231114|OPERATION DIVERSE 13/01/2025|0,00|10592,36|||20231114||
CA|Caisse|CA00008|20230407|720000|Production immobilisee|||CA045184|20230407|OPERATION DIVERSE 25/02/2025|473,06|0,00|||20230409||
CA|Caisse|CA00008|20230407|713000|Variation des stocks|||CA045184|20230407|OPERATION DIVERSE 25/02/2025|0,00|473,06|||20230409||
CA|Caisse|CA00009|20230921|517000|Autres organismes financiers|||CA093732|20230921|OPERATION DIVERSE 02/02/2025|568,35|0,00|||20230927||
CA|Caisse|CA00009|20230921|500000|Valeurs mobilieres de placement|||CA093732|20230921|OPERATION DIVERSE 02/02/2025|0,00|568,35|||20230927||
CA|Caisse|CA00010|20230724|621000|Personnel exterieur a l'entreprise|||CA077434|20230724|OPERATION DIVERSE 03/01/2025|1456,60|0,00|||20230726||
CA|Caisse|CA00010|20230724|444000|Etat - Impots sur les benefices|||CA077434|20230724|OPERATION DIVERSE 03/01/2025|0,00|1456,60|||20230726||
CA|Caisse|CA00011|20230310|408100|Fournisseurs - Factures non parvenues|||CA032001|20230310|OPERATION DIVERSE 01/01/2025|505,75|0,00|||20230313||
CA|Caisse|CA00011|20230310|468600|Charges a payer|||CA032001|20230310|OPERATION DIVERSE 01/01/2025|0,00|505,75|||20230313||
CA|Caisse|CA00012|20230801|608500|Frais accessoires d'achat|||CA089915|20230801|OPERATION DIVERSE 11/01/2025|857,07|0,00|||20230805||
CA|Caisse|CA00012|20230801|408100|Fournisseurs - Factures non parvenues|||CA089915|20230801|OPERATION DIVERSE 11/01/2025|0,00|857,07|||20230805||
CA|Caisse|CA00013|20230403|606800|Autres matieres et fournitures|||CA041724|20230403|OPERATION DIVERSE 16/02/2025|219,78|0,00|||20230404||
CA|Caisse|CA00013|20230403|514000|Cheques postaux|||CA041724|20230403|OPERATION DIVERSE 16/02/2025|0,00|219,78|||20230404||
CA|Caisse|CA00014|20230317|771000|Produits exceptionnels sur operations de gestion|||CA036818|20230317|OPERATION DIVERSE 11/01/2025|760,55|0,00|||20230320||
CA|Caisse|CA00014|20230317|791000|Transferts de charges d'exploitation|||CA036818|20230317|OPERATION DIVERSE 11/01/2025|0,00|760,55|||20230320||
CA|Caisse|CA00015|20230721|486000|Charges constatees d'avance|||CA073980|20230721|OPERATION DIVERSE 16/02/2025|53,30|0,00|||20230726||
CA|Caisse|CA00015|20230721|511000|Valeurs a l'encaissement|||CA073980|20230721|OPERATION DIVERSE 16/02/2025|0,00|53,30|||20230726||
CA|Caisse|CA00016|20230307|751000|Redevances pour concessions, brevets, licences, etc.|||CA036930|20230307|OPERATION DIVERSE 05/01/2025|212,20|0,00|||20230312||
CA|Caisse|CA00016|20230307|215400|Materiel industriel|||CA036930|20230307|OPERATION DIVERSE 05/01/2025|0,00|212,20|||20230312||
CA|Caisse|CA00017|20230613|408400|Fournisseurs d'immobilisations - Factures non parvenues|||CA067266|20230613|OPERATION DIVERSE 23/02/2025|796,75|0,00|||20230617||
CA|Caisse|CA00017|20230613|508000|Interets courus sur VMP|||CA067266|20230613|OPERATION DIVERSE 23/02/2025|0,00|796,75|||20230617||
CA|Caisse|CA00018|20231115|771000|Produits exceptionnels sur operations de gestion|||CA111525|20231115|OPERATION DIVERSE 26/02/2025|381,41|0,00|||20231118||
CA|Caisse|CA00018|20231115|445510|TVA a decaisser|||CA111525|20231115|OPERATION DIVERSE 26/02/2025|0,00|381,41|||20231118||
CA|Caisse|CA00019|20231201|397100|Depreciation des stocks de marchandises|||CA125857|20231201|OPERATION DIVERSE 11/02/2025|500,17|0,00|||20231205||
CA|Caisse|CA00019|20231201|701000|Ventes de produits finis|||CA125857|20231201|OPERATION DIVERSE 11/02/2025|0,00|500,17|||20231205||
CA|Caisse|CA00020|20230112|608500|Frais accessoires d'achat|||CA019640|20230112|OPERATION DIVERSE 05/01/2025|1364,27|0,00|||20230119||
CA|Caisse|CA00020|20230112|445510|TVA a decaisser|||CA019640|20230112|OPERATION DIVERSE 05/01/2025|0,00|1364,27|||20230119||
CA|Caisse|CA00021|20230925|512000|Banque principale|||CA099303|20230925|OPERATION DIVERSE 07/02/2025|4500,28|0,00|||20230928||
CA|Caisse|CA00021|20230925|165000|Depots et cautionnements recus|||CA099303|20230925|OPERATION DIVERSE 07/02/2025|0,00|4500,28|||20230928||
CA|Caisse|CA00022|20230624|606100|Electricite, gaz, eau|||CA064444|20230619|OPERATION DIVERSE 28/01/2025|1356,33|0,00|||20230623||
CA|Caisse|CA00022|20230619|404000|Fournisseurs d'immobilisations|||CA064444|20230619|OPERATION DIVERSE 28/01/2025|0,00|1356,33|||20230623||
CA|Caisse|CA00023|20231121|602100|Achats de matieres consommables|||CA119171|20231121|OPERATION DIVERSE 20/01/2025|1907,26|0,00|||20231128||
CA|Caisse|CA00023|20231121|455000|Associes - Comptes courants|||CA119171|20231121|OPERATION DIVERSE 20/01/2025|0,00|1907,26|||20231128||
CA|Caisse|CA00024|20231013|280500|Amort. logiciels|||OD012754|20231013|OPERATION DIVERSE 16/02/2025|8920,31|0,00|||20231016||
CA|Caisse|CA00024|20231013|512100|Banque secondaire|||CA106244|20231013|OPERATION DIVERSE 16/02/2025|0,00|8920,31|||20231016||
CA|Caisse|CA00025|20230828|765000|Escomptes obtenus|||CA081069|20230828|OPERATION DIVERSE 13/01/2025|1753,16|0,00|||20230829||
CA|Caisse|CA00025|20230828|207000|Fonds commercial|||CA081069|20230828|OPERATION DIVERSE 13/01/2025|0,00|1753,16|||20230829||
CA|Caisse|CA00026|20230602|607000|Achats de marchandises|||CA062987|20230602|OPERATION DIVERSE 29/01/2025|32,00|0,00|||20230609||
CA|Caisse|CA00026|20230602|431000|Securite sociale|||CA062987|20230602|OPERATION DIVERSE 29/01/2025|0,00|32,00|||20230609||
CA|Caisse|CA00027|20230726|468600|Charges a payer|||CA076825|20230726|OPERATION DIVERSE 20/01/2025|667,49|0,00|||20230728||
CA|Caisse|CA00027|20230726|211000|Terrains|||CA076825|20230726|OPERATION DIVERSE 20/01/2025|0,00|667,49|||20230728||
CA|Caisse|CA00028|20230123|447100|Autres impots, taxes et versements assimiles|||CA014079|20230123|OPERATION DIVERSE 05/01/2025|667,72|0,00|||20230126||
CA|Caisse|CA00028|20230123|218100|Installations generales, agencements divers|||CA014079|20230123|OPERATION DIVERSE 05/01/2025|0,00|667,72|||20230126||
CA|Caisse|CA00029|20230106|775000|Produits des cessions d'elements d'actif|||CA016910|20230106|OPERATION DIVERSE 23/01/2025|974,79|0,00|||20230111||
CA|Caisse|CA00029|20230106|664000|Pertes sur cessions de valeurs mobilieres de placement|||CA016910|20230106|OPERATION DIVERSE 23/01/2025|0,00|974,79|||20230111||
CA|Caisse|CA00030|20230626|468600|Charges a payer|||CA064903|20230626|OPERATION DIVERSE 27/02/2025|541,00|0,00|||20230701||
CA|Caisse|CA00030|20230626|487000|Produits constates d'avance|||CA064903|20230626|OPERATION DIVERSE 27/02/2025|0,00|541,00|||20230701||
CA|Caisse|CA00031|20230210|427000|Personnel - Oppositions|||CA022983|20230210|OPERATION DIVERSE 21/02/2025|395,29|0,00|||20230217||
CA|Caisse|CA00031|20230210|445620|TVA deductible sur immobilisations|||CA022983|20230210|OPERATION DIVERSE 21/02/2025|0,00|395,29|||20230217||
CA|Caisse|CA00032|20231223|427000|Personnel - Oppositions|||CA127283|20231220|OPERATION DIVERSE 17/01/2025|965,16|0,00|||20231222||
CA|Caisse|CA00032|20231220|661000|Charges d'interets|||CA127283|20231220|OPERATION DIVERSE 17/01/2025|0,00|965,16|||20231222||
CA|Caisse|CA00033|20230517|441000|Etat - Impot sur les benefices|||CA058793|20230517|OPERATION DIVERSE 02/02/2025|97,25|0,00|||20230517||
CA|Caisse|CA00033|20230517|508000|Interets courus sur VMP|||CA058793|20230517|OPERATION DIVERSE 02/02/2025|0,00|97,25|||20230517||
CA|Caisse|CA00034|20231027|231000|Immobilisations corporelles en cours|||CA108377|20231027|OPERATION DIVERSE 20/01/2025|19641,34|0,00|||20231027||
CA|Caisse|CA00034|20231027|512000|Banque principale|||CA108377|20231027|OPERATION DIVERSE 20/01/2025|0,00|19641,34|||20231027||
CA|Caisse|CA00035|20230628|796000|Transferts de charges financieres|||CA062751|20230628|OPERATION DIVERSE 19/01/2025|154,96|0,00|||20230703||
CA|Caisse|CA00035|20230628|106100|Reserve legale|||CA062751|20230628|OPERATION DIVERSE 19/01/2025|0,00|154,96|||20230703||
CA|Caisse|CA00036|20231020|622600|Honoraires|||CA104575|20231020|OPERATION DIVERSE 21/02/2025|1201,96|0,00|||20231024||
CA|Caisse|CA00036|20231020|455000|Associes - Comptes courants|||CA104575|20231020|OPERATION DIVERSE 21/02/2025|0,00|1201,96|||20231024||
CA|Caisse|CA00037|20230123|675000|Valeurs comptables des elements d'actif cedes|||CA014707|20230123|OPERATION DIVERSE 21/02/2025|1638,56|0,00|||20230125||
CA|Caisse|CA00037|20230123|508000|Interets courus sur VMP|||CA014707|20230123|OPERATION DIVERSE 21/02/2025|0,00|1638,56|||20230125||
CA|Caisse|CA00038|20230609|401000|Fournisseurs|F00010|ELECTRICITE DE FRANCE|CA069070|20230609|OPERATION DIVERSE 06/01/2025|8199,00|0,00|||20230613||
CA|Caisse|CA00038|20230609|508000|Interets courus sur VMP|||CA069070|20230609|OPERATION DIVERSE 06/01/2025|0,00|8199,00|||20230613||
CA|Caisse|CA00039|20230508|500000|Valeurs mobilieres de placement|||CA058691|20230508|OPERATION DIVERSE 24/02/2025|146,53|0,00|||20230511||
CA|Caisse|CA00039|20230508|451000|Groupe|||CA058691|20230508|OPERATION DIVERSE 24/02/2025|0,00|146,53|||20230511||
CA|Caisse|CA00040|20230919|701000|Ventes de produits finis|||CA094274|20230919|OPERATION DIVERSE 26/02/2025|1840,00|0,00|||20230925||
CA|Caisse|CA00040|20230919|218200|Materiel de transport|||CA094274|20230919|OPERATION DIVERSE 26/02/2025|0,00|1840,00|||20230925||
CA|Caisse|CA00041|20230422|687000|Dot. amort. et provisions exceptionnels|||CA047188|20230418|OPERATION DIVERSE 26/01/2025|169,58|0,00|||20230418||
CA|Caisse|CA00041|20230418|427000|Personnel - Oppositions|||CA047188|20230418|OPERATION DIVERSE 26/01/2025|0,00|169,58|||20230418||
CA|Caisse|CA00042|20230908|781740|Reprises sur provisions sur creances|||CA091422|20230908|OPERATION DIVERSE 06/02/2025|95,57|0,00|||20230909||
CA|Caisse|CA00042|20230908|707000|Ventes de marchandises|||CA091422|20230908|OPERATION DIVERSE 06/02/2025|0,00|95,57|||20230909||
CA|Caisse|CA00043|20231010|211000|Terrains|||CA103135|20231010|OPERATION DIVERSE 10/01/2025|5611,10|0,00|||20231012||
CA|Caisse|CA00043|20231010|512000|Banque principale|||CA103135|20231010|OPERATION DIVERSE 10/01/2025|0,00|5611,10|||20231012||
CA|Caisse|CA00044|20231225|468600|Charges a payer|||CA125432|20231225|OPERATION DIVERSE 12/02/2025|846,43|0,00|||20231227||
CA|Caisse|CA00044|20231225|786500|Reprises sur provisions pour risques et charges financiers|||CA125432|20231225|OPERATION DIVERSE 12/02/2025|0,00|846,43|||20231227||
CA|Caisse|CA00045|20230818|431000|Securite sociale|||CA081526|20230818|OPERATION DIVERSE 07/01/2025|443,16|0,00|||20230818||
CA|Caisse|CA00045|20230818|467000|Autres comptes debiteurs ou crediteurs|||CA081526|20230818|OPERATION DIVERSE 07/01/2025|0,00|443,16|||20230818||
CA|Caisse|CA00046|20230929|213500|Installations generales, agencements|||CA097360|20230929|OPERATION DIVERSE 01/01/2025|3669,44|0,00|||20231005||
CA|Caisse|CA00046|20230929|512100|Banque secondaire|||CA097360|20230929|OPERATION DIVERSE 01/01/2025|0,00|3669,44|||20231005||
CA|Caisse|CA00047|20230306|418100|Clients - Factures a etablir|||CA038093|20230306|OPERATION DIVERSE 25/02/2025|582,34|0,00|||20230307||
CA|Caisse|CA00047|20230311|231000|Immobilisations corporelles en cours|||CA038093|20230306|OPERATION DIVERSE 25/02/2025|0,00|582,34|||20230307||
CA|Caisse|CA00048|20231103|681120|Dot. amort. sur immo. corporelles|||CA119511|20231103|OPERATION DIVERSE 25/02/2025|1593,35|0,00|||20231105||
CA|Caisse|CA00048|20231103|408400|Fournisseurs d'immobilisations - Factures non parvenues|||CA119511|20231103|OPERATION DIVERSE 25/02/2025|0,00|1593,35|||20231105||
CA|Caisse|CA00049|20230529|767000|Produits nets sur cessions de valeurs mobilieres de placement|||CA053992|20230529|OPERATION DIVERSE 12/01/2025|517,40|0,00|||20230530||
CA|Caisse|CA00049|20230529|445860|TVA sur factures non parvenues|||CA053992|20230529|OPERATION DIVERSE 12/01/2025|0,00|517,40|||20230530||
CA|Caisse|CA00050|20230619|590000|Depreciation des valeurs mobilieres de placement|||CA063158|20230619|OPERATION DIVERSE 21/01/2025|949,59|0,00|||20230623||
CA|Caisse|CA00050|20230619|467000|Autres comptes debiteurs ou crediteurs|||CA063158|20230619|OPERATION DIVERSE 21/01/2025|0,00|949,59|||20230623||
CA|Caisse|CA00051|20230210|767000|Produits nets sur cessions de valeurs mobilieres de placement|||CA027613|20230210|OPERATION DIVERSE 12/01/2025|169,64|0,00|||20230215||
CA|Caisse|CA00051|20230210|606800|Autres matieres et fournitures|||CA027613|20230210|OPERATION DIVERSE 12/01/2025|0,00|169,64|||20230215||
CA|Caisse|CA00052|20230922|606800|Autres matieres et fournitures|||CA093873|20230922|OPERATION DIVERSE 07/01/2025|153,00|0,00|||20230926||
CA|Caisse|CA00052|20230922|445660|TVA deductible sur ABS|||CA093873|20230922|OPERATION DIVERSE 07/01/2025|0,00|153,00|||20230926||
CA|Caisse|CA00053|20230816|101000|Capital social|||CA089873|20230816|OPERATION DIVERSE 19/01/2025|294,25|0,00|||20230818||
CA|Caisse|CA00053|20230816|695000|Impots sur les benefices|||CA089873|20230816|OPERATION DIVERSE 19/01/2025|0,00|294,25|||20230818||
CA|Caisse|CA00054|20230816|706000|Prestations de services|||CA087646|20230816|OPERATION DIVERSE 19/01/2025|1204,87|0,00|||20230821||
CA|Caisse|CA00054|20230819|518700|Interets courus a recevoir|||CA087646|20230816|OPERATION DIVERSE 19/01/2025|0,00|1204,87|||20230821||
CA|Caisse|CA00055|20230712|708500|Ports et frais accessoires factures|||CA072854|20230712|OPERATION DIVERSE 07/01/2025|1302,28|0,00|||20230715||
CA|Caisse|CA00055|20230712|781500|Reprises sur provisions pour risques et charges d'exploitation|||CA072854|20230712|OPERATION DIVERSE 07/01/2025|0,00|1302,28|||20230715||
CA|Caisse|CA00056|20230621|611000|Sous-traitance generale|||CA069869|20230621|OPERATION DIVERSE 09/01/2025|1607,55|0,00|||20230628||
CA|Caisse|CA00056|20230621|419100|Clients - Avances et acomptes recus|||CA069869|20230621|OPERATION DIVERSE 09/01/2025|0,00|1607,55|||20230628||
CA|Caisse|CA00057|20230112|411000|Clients|C00007|CLIENT ETA|CA015867|20230112|OPERATION DIVERSE 17/01/2025|8224,39|0,00|||20230116||
CA|Caisse|CA00057|20230112|602200|Achats de fournitures consommables|||CA015867|20230112|OPERATION DIVERSE 17/01/2025|0,00|8224,39|||20230116||
CA|Caisse|CA00058|20230428|281540|Amort. materiel industriel|||CA049762|20230428|OPERATION DIVERSE 15/02/2025|10903,55|0,00|||20230502||
CA|Caisse|CA00058|20230428|512100|Banque secondaire|||CA049762|20230428|OPERATION DIVERSE 15/02/2025|0,00|10903,55|||20230502||
CA|Caisse|CA00059|20230421|631000|Impots, taxes et versements assimiles sur remunerations|||CA043844|20230421|OPERATION DIVERSE 27/02/2025|1099,23|0,00|||20230426||
CA|Caisse|CA00059|20230421|445860|TVA sur factures non parvenues|||CA043844|20230421|OPERATION DIVERSE 27/02/2025|0,00|1099,23|||20230426||
CA|Caisse|CA00060|20231201|418100|Clients - Factures a etablir|||CA121329|20231201|OPERATION DIVERSE 03/02/2025|235,08|0,00|||20231208||
CA|Caisse|CA00060|20231201|791000|Transferts de charges d'exploitation|||CA121329|20231201|OPERATION DIVERSE 03/02/2025|0,00|235,08|||20231208||
CA|Caisse|CA00061|20230926|120000|Resultat de l'exercice|||CA097036|20230926|OPERATION DIVERSE 02/01/2025|418,49|0,00|||20230930||
CA|Caisse|CA00061|20230926|661000|Charges d'interets|||CA097036|20230926|OPERATION DIVERSE 02/01/2025|0,00|418,49|||20230930||
CA|Caisse|CA00062|20230720|203000|Frais de recherche et developpement|||CA075580|20230720|OPERATION DIVERSE 04/01/2025|11729,71|0,00|||20230722||
CA|Caisse|CA00062|20230720|512100|Banque secondaire|||CA075580|20230720|OPERATION DIVERSE 04/01/2025|0,00|11729,71|||20230722||
CA|Caisse|CA00063|20231122|530000|Caisse|||CA118734|20231122|OPERATION DIVERSE 28/01/2025|122,25|0,00|||20231127||
CA|Caisse|CA00063|20231122|281540|Amort. materiel industriel|||CA118734|20231122|OPERATION DIVERSE 28/01/2025|0,00|122,25|||20231127||
CA|Caisse|CA00064|20230901|687000|Dot. amort. et provisions exceptionnels|||CA092842|20230901|OPERATION DIVERSE 05/01/2025|185,20|0,00|||20230905||
CA|Caisse|CA00064|20230901|508000|Interets courus sur VMP|||CA092842|20230901|OPERATION DIVERSE 05/01/2025|0,00|185,20|||20230905||
CA|Caisse|CA00065|20231228|201000|Frais d'etablissement|||VE017484|20231228|OPERATION DIVERSE 14/02/2025|19075,23|0,00|||20231230||
CA|Caisse|CA00065|20231228|404000|Fournisseurs d'immobilisations|||CA127803|20231228|OPERATION DIVERSE 14/02/2025|0,00|19075,23|||20231230||
CA|Caisse|CA00066|20230621|764000|Revenus des valeurs mobilieres de placement|||CA067191|20230621|OPERATION DIVERSE 07/01/2025|1465,57|0,00|||20230623||
CA|Caisse|CA00066|20230621|281540|Amort. materiel industriel|||CA067191|20230621|OPERATION DIVERSE 07/01/2025|0,00|1465,57|||20230623||
CA|Caisse|CA00067|20230908|681120|Dot. amort. sur immo. corporelles|||CA098418|20230908|OPERATION DIVERSE 17/02/2025|1815,37|0,00|||20230913||
CA|Caisse|CA00067|20230908|445710|TVA collectee a payer|||CA098418|20230908|OPERATION DIVERSE 17/02/2025|0,00|1815,37|||20230913||
CA|Caisse|CA00068|20230808|231000|Immobilisations corporelles en cours|||CA088045|20230808|OPERATION DIVERSE 25/01/2025|6011,37|0,00|||20230815||
CA|Caisse|CA00068|20230808|512000|Banque principale|||CA088045|20230808|OPERATION DIVERSE 25/01/2025|0,00|6011,37|||20230815||
CA|Caisse|CA00069|20230511|471000|Compte d'attente|||CA054085|20230511|OPERATION DIVERSE 26/01/2025|633,49|0,00|||20230514||
CA|Caisse|CA00069|20230511|281350|Amort. installations generales|||CA054085|20230511|OPERATION DIVERSE 26/01/2025|0,00|633,49|||20230514||
CA|Caisse|CA00070|20230128|645000|Charges de securite sociale et de prevoyance|||CA012854|20230123|OPERATION DIVERSE 09/01/2025|1469,26|0,00|||20230124||
CA|Caisse|CA00070|20230123|514000|Cheques postaux|||CA012854|20230123|OPERATION DIVERSE 09/01/2025|0,00|1469,26|||20230124||
CA|Caisse|CA00071|20230424|205000|Logiciels|||CA041354|20230424|OPERATION DIVERSE 04/02/2025|19960,98|0,00|||20230426||
CA|Caisse|CA00071|20230424|512100|Banque secondaire|||CA041354|20230424|OPERATION DIVERSE 04/02/2025|0,00|19960,98|||20230426||
CA|Caisse|CA00072|20230830|438200|Charges sociales sur conges a payer|||CA087216|20230830|OPERATION DIVERSE 31/01/2025|935,81|0,00|||20230831||
CA|Caisse|CA00072|20230902|625700|Receptions|||CA087216|20230830|OPERATION DIVERSE 31/01/2025|0,00|935,81|||20230831||
CA|Caisse|CA00073|20231128|512000|Banque principale|||CA114081|20231128|OPERATION DIVERSE 13/02/2025|6363,19|0,00|||20231203||
CA|Caisse|CA00073|20231128|207000|Fonds commercial|||CA114081|20231128|OPERATION DIVERSE 13/02/2025|0,00|6363,19|||20231203||
CA|Caisse|CA00074|20231103|762000|Produits des autres immobilisations financieres|||CA119219|20231103|OPERATION DIVERSE 24/02/2025|1948,64|0,00|||20231109||
CA|Caisse|CA00074|20231103|777000|Quote-part des subventions d'investissement viree au resultat|||CA119219|20231103|OPERATION DIVERSE 24/02/2025|0,00|1948,64|||20231109||
CA|Caisse|CA00075|20231031|418100|Clients - Factures a etablir|||CA104411|20231031|OPERATION DIVERSE 13/02/2025|936,97|0,00|||20231105||
CA|Caisse|CA00075|20231031|621000|Personnel exterieur a l'entreprise|||CA104411|20231031|OPERATION DIVERSE 13/02/2025|0,00|936,97|||20231105||
CA|Caisse|CA00076|20230629|371000|Stock de marchandises|||CA061841|20230629|OPERATION DIVERSE 26/01/2025|48,52|0,00|||20230705||
CA|Caisse|CA00076|20230629|281810|Amort. installations generales|||CA061841|20230629|OPERATION DIVERSE 26/01/2025|0,00|48,52|||20230705||
CA|Caisse|CA00077|20231110|631000|Impots, taxes et versements assimiles sur remunerations|||CA115296|20231110|OPERATION DIVERSE 15/01/2025|60,42|0,00|||20231114||
CA|Caisse|CA00077|20231110|413000|Clients - Effets a recevoir|||CA115296|20231110|OPERATION DIVERSE 15/01/2025|0,00|60,42|||20231114||
CA|Caisse|CA00078|20231003|355000|Produits finis (groupe)|||CA105845|20231003|OPERATION DIVERSE 09/02/2025|822,08|0,00|||20231010||
CA|Caisse|CA00078|20231003|618500|Frais de colloques, seminaires, conferences|||CA105845|20231003|OPERATION DIVERSE 09/02/2025|0,00|822,08|||20231010||
CA|Caisse|CA00079|20230109|645000|Charges de securite sociale et de prevoyance|||CA018498|20230109|OPERATION DIVERSE 20/02/2025|856,97|0,00|||20230115||
CA|Caisse|CA00079|20230109|428200|Personnel - Conges payes|||CA018498|20230109|OPERATION DIVERSE 20/02/2025|0,00|856,97|||20230115||
CA|Caisse|CA00080|20231030|623100|Annonces et insertions|||CA102416|20231030|OPERATION DIVERSE 11/02/2025|1746,58|0,00|||20231031||
CA|Caisse|CA00080|20231030|401000|Fournisseurs|F00008|TRANSPORT EXPRESS|CA102416|20231030|OPERATION DIVERSE 11/02/2025|0,00|1746,58|||20231031||
CA|Caisse|CA00081|20230421|641000|Remunerations du personnel|||CA046629|20230421|OPERATION DIVERSE 23/01/2025|1057,52|0,00|||20230427||
CA|Caisse|CA00081|20230421|511000|Valeurs a l'encaissement|||CA046629|20230421|OPERATION DIVERSE 23/01/2025|0,00|1057,52|||20230427||
CA|Caisse|CA00082|20231110|350000|Produits finis|||CA112146|20231110|OPERATION DIVERSE 24/01/2025|662,71|0,00|||20231113||
CA|Caisse|CA00082|20231110|514000|Cheques postaux|||CA112146|20231110|OPERATION DIVERSE 24/01/2025|0,00|662,71|||20231113||
CA|Caisse|CA00083|20230320|626000|Frais postaux et de telecommunications|||CA038373|20230320|OPERATION DIVERSE 18/01/2025|713,91|0,00|||20230321||
CA|Caisse|CA00083|20230320|401000|Fournisseurs|F00004|PAPETERIE EXPRESS|CA038373|20230320|OPERATION DIVERSE 18/01/2025|0,00|713,91|||20230321||
CA|Caisse|CA00084|20231023|615600|Maintenance|||CA108402|20231023|OPERATION DIVERSE 11/01/2025|906,66|0,00|||20231030||
CA|Caisse|CA00084|20231023|467000|Autres comptes debiteurs ou crediteurs|||CA108402|20231023|OPERATION DIVERSE 11/01/2025|0,00|906,66|||20231030||
CA|Caisse|CA00085|20230317|371000|Stock de marchandises|||CA039402|20230317|OPERATION DIVERSE 04/01/2025|148,36|0,00|||20230321||
CA|Caisse|CA00085|20230317|701000|Ventes de produits finis|||CA039402|20230317|OPERATION DIVERSE 04/01/2025|0,00|148,36|||20230321||
CA|Caisse|CA00086|20230706|281810|Amort. installations generales|||CA074930|20230706|OPERATION DIVERSE 16/01/2025|19840,34|0,00|||20230708||
CA|Caisse|CA00086|20230706|512100|Banque secondaire|||CA074930|20230706|OPERATION DIVERSE 16/01/2025|0,00|19840,34|||20230708||
CA|Caisse|CA00087|20230531|686500|Dot. provisions pour risques et charges financiers|||CA055956|20230531|OPERATION DIVERSE 23/02/2025|1797,08|0,00|||20230601||
CA|Caisse|CA00087|20230531|512000|Banque principale|||CA055956|20230531|OPERATION DIVERSE 23/02/2025|0,00|1797,08|||20230601||
CA|Caisse|CA00088|20230811|445510|TVA a decaisser|||CA087743|20230811|OPERATION DIVERSE 11/02/2025|601,82|0,00|||20230815||
CA|Caisse|CA00088|20230812|508000|Interets courus sur VMP|||CA087743|20230811|OPERATION DIVERSE 11/02/2025|0,00|601,82|||20230815||
CA|Caisse|CA00089|20230419|518700|Interets courus a recevoir|||CA049811|20230419|OPERATION DIVERSE 15/02/2025|690,81|0,00|||20230420||
CA|Caisse|CA00089|20230419|606300|Fournitures d'entretien et petit equipement|||CA049811|20230419|OPERATION DIVERSE 15/02/2025|0,00|690,81|||20230420||
CA|Caisse|CA00090|20230915|615600|Maintenance|||CA094138|20230915|OPERATION DIVERSE 13/01/2025|1605,30|0,00|||20230916||
CA|Caisse|CA00090|20230915|445510|TVA a decaisser|||CA094138|20230915|OPERATION DIVERSE 13/01/2025|0,00|1605,30|||20230916||
CA|Caisse|CA00091|20230531|765000|Escomptes obtenus|||CA059831|20230531|OPERATION DIVERSE 01/01/2025|475,69|0,00|||20230605||
CA|Caisse|CA00091|20230531|681500|Dot. provisions pour risques et charges d'exploitation|||CA059831|20230531|OPERATION DIVERSE 01/01/2025|0,00|475,69|||20230605||
CA|Caisse|CA00092|20231106|120000|Resultat de l'exercice|||CA115044|20231106|OPERATION DIVERSE 19/01/2025|193,92|0,00|||20231111||
CA|Caisse|CA00092|20231106|281540|Amort. materiel industriel|||CA115044|20231106|OPERATION DIVERSE 19/01/2025|0,00|193,92|||20231111||
CA|Caisse|CA00093|20230721|201000|Frais d'etablissement|||CA074757|20230721|OPERATION DIVERSE 03/01/2025|9042,49|0,00|||20230728||
CA|Caisse|CA00093|20230721|512100|Banque secondaire|||CA074757|20230721|OPERATION DIVERSE 03/01/2025|0,00|9042,49|||20230728||
CA|Caisse|CA00094|20231013|681120|Dot. amort. sur immo. corporelles|||CA109891|20231013|OPERATION DIVERSE 04/01/2025|1300,14|0,00|||20231016||
CA|Caisse|CA00094|20231013|590000|Depreciation des valeurs mobilieres de placement|||CA109891|20231013|OPERATION DIVERSE 04/01/2025|0,00|1300,14|||20231016||
CA|Caisse|CA00095|20231127|720000|Production immobilisee|||CA113587|20231127|OPERATION DIVERSE 01/01/2025|1348,68|0,00|||20231127||
CA|Caisse|CA00095|20231127|213500|Installations generales, agencements|||CA113587|20231127|OPERATION DIVERSE 01/01/2025|0,00|1348,68|||20231127||
CA|Caisse|CA00096|20230524|720000|Production immobilisee|||CA055026|20230524|OPERATION DIVERSE 15/02/2025|1630,09|0,00|||20230530||
CA|Caisse|CA00096|20230524|626000|Frais postaux et de telecommunications|||CA055026|20230524|OPERATION DIVERSE 15/02/2025|0,00|1630,09|||20230530||
CA|Caisse|CA00097|20230804|631000|Impots, taxes et versements assimiles sur remunerations|||CA087069|20230804|OPERATION DIVERSE 15/02/2025|467,66|0,00|||20230810||
CA|Caisse|CA00097|20230804|512100|Banque secondaire|||CA087069|20230804|OPERATION DIVERSE 15/02/2025|0,00|467,66|||20230810||
CA|Caisse|CA00098|20230529|419100|Clients - Avances et acomptes recus|||CA057199|20230529|OPERATION DIVERSE 22/01/2025|518,48|0,00|||20230602||
CA|Caisse|CA00098|20230529|201000|Frais d'etablissement|||CA057199|20230529|OPERATION DIVERSE 22/01/2025|0,00|518,48|||20230602||
CA|Caisse|CA00099|20230313|648000|Autres charges de personnel|||CA037467|20230313|OPERATION DIVERSE 25/02/2025|1239,40|0,00|||20230314||
CA|Caisse|CA00099|20230313|403000|Fournisseurs - Effets a payer|||CA037467|20230313|OPERATION DIVERSE 25/02/2025|0,00|1239,40|||20230314||
CA|Caisse|CA00100|20230223|409100|Fournisseurs - Avances et acomptes verses|||CA028495|20230223|OPERATION DIVERSE 29/01/2025|831,37|0,00|||20230226||
CA|Caisse|CA00100|20230223|686500|Dot. provisions pour risques et charges financiers|||CA028495|20230223|OPERATION DIVERSE 29/01/2025|0,00|831,37|||20230226||
CA|Caisse|CA00101|20230322|471000|Compte d'attente|||CA036850|20230322|OPERATION DIVERSE 08/01/2025|402,05|0,00|||20230329||
CA|Caisse|CA00101|20230322|708500|Ports et frais accessoires factures|||CA036850|20230322|OPERATION DIVERSE 08/01/2025|0,00|402,05|||20230329||
CA|Caisse|CA00102|20230602|627000|Services bancaires et assimiles|||CA065985|20230602|OPERATION DIVERSE 12/02/2025|1151,37|0,00|||20230602||
CA|Caisse|CA00102|20230602|413000|Clients - Effets a recevoir|||CA065985|20230602|OPERATION DIVERSE 12/02/2025|0,00|1151,37|||20230602||
CA|Caisse|CA00103|20231111|131800|Autres subventions d'investissement|||CA117884|20231110|OPERATION DIVERSE 07/02/2025|750,42|0,00|||20231114||
CA|Caisse|CA00103|20231110|764000|Revenus des valeurs mobilieres de placement|||CA117884|20231110|OPERATION DIVERSE 07/02/2025|0,00|750,42|||20231114||
CA|Caisse|CA00104|20230120|425000|Personnel - Avances et acomptes|||CA015624|20230120|OPERATION DIVERSE 18/01/2025|77,53|0,00|||20230125||
CA|Caisse|CA00104|20230120|615600|Maintenance|||CA015624|20230120|OPERATION DIVERSE 18/01/2025|0,00|77,53|||20230125||
CA|Caisse|CA00105|20230825|165000|Depots et cautionnements recus|||CA082824|20230825|OPERATION DIVERSE 25/01/2025|597,27|0,00|||20230828||
CA|Caisse|CA00105|20230825|618100|Documentation generale|||CA082824|20230825|OPERATION DIVERSE 25/01/2025|0,00|597,27|||20230828||
CA|Caisse|CA00106|20230420|486000|Charges constatees d'avance|||CA045944|20230420|OPERATION DIVERSE 18/01/2025|914,50|0,00|||20230421||
CA|Caisse|CA00106|20230420|786500|Reprises sur provisions pour risques et charges financiers|||CA045944|20230420|OPERATION DIVERSE 18/01/2025|0,00|914,50|||20230421||
CA|Caisse|CA00107|20230920|371000|Stock de marchandises|||CA095166|20230920|OPERATION DIVERSE 06/02/2025|637,26|0,00|||20230922||
CA|Caisse|CA00107|20230920|623400|Cadeaux a la clientele|||CA095166|20230920|OPERATION DIVERSE 06/02/2025|0,00|637,26|||20230922||
CA|Caisse|CA00108|20230217|602200|Achats de fournitures consommables|||CA022245|20230217|OPERATION DIVERSE 06/01/2025|1043,91|0,00|||20230221||
CA|Caisse|CA00108|20230217|451000|Groupe|||CA022245|20230217|OPERATION DIVERSE 06/01/2025|0,00|1043,91|||20230221||
CA|Caisse|CA00109|20230925|708500|Ports et frais accessoires factures|||VE058937|20230925|OPERATION DIVERSE 27/02/2025|1072,69|0,00|||20231001||
CA|Caisse|CA00109|20230925|418100|Clients - Factures a etablir|||CA092973|20230925|OPERATION DIVERSE 27/02/2025|0,00|1072,69|||20231001||
CA|Caisse|CA00110|20230310|611000|Sous-traitance generale|||CA038633|20230310|OPERATION DIVERSE 03/02/2025|408,61|0,00|||20230310||
CA|Caisse|CA00110|20230310|428200|Personnel - Conges payes|||CA038633|20230310|OPERATION DIVERSE 03/02/2025|0,00|408,61|||20230310||
CA|Caisse|CA00111|20230713|431000|Securite sociale|||CA077566|20230713|OPERATION DIVERSE 04/01/2025|518,00|0,00|||20230719||
CA|Caisse|CA00111|20230713|665000|Escomptes accordes|||CA077566|20230713|OPERATION DIVERSE 04/01/2025|0,00|518,00|||20230719||
CA|Caisse|CA00112|20230925|218400|Mobilier|||CA097270|20230925|OPERATION DIVERSE 14/02/2025|8475,27|0,00|||20230929||
CA|Caisse|CA00112|20230925|512000|Banque principale|||CA097270|20230925|OPERATION DIVERSE 14/02/2025|0,00|8475,27|||20230929||
CA|Caisse|CA00113|20230306|438200|Charges sociales sur conges a payer|||CA034176|20230306|OPERATION DIVERSE 02/02/2025|712,03|0,00|||20230307||
CA|Caisse|CA00113|20230306|618100|Documentation generale|||CA034176|20230306|OPERATION DIVERSE 02/02/2025|0,00|712,03|||20230307||
CA|Caisse|CA00114|20230517|651000|Redevances pour concessions, brevets, licences, etc.|||CA059344|20230517|OPERATION DIVERSE 07/02/2025|633,59|0,00|||20230519||
CA|Caisse|CA00114|20230517|401000|Fournisseurs|F00001|DALKIA FRANCE|CA059344|20230517|OPERATION DIVERSE 07/02/2025|0,00|633,59|L3|20231203|20230519||
CA|Caisse|CA00115|20230224|713000|Variation des stocks|||CA023209|20230224|OPERATION DIVERSE 26/02/2025|282,18|0,00|||20230301||
CA|Caisse|CA00115|20230224|419100|Clients - Avances et acomptes recus|||CA023209|20230224|OPERATION DIVERSE 26/02/2025|0,00|282,18|||20230301||
CA|Caisse|CA00116|20231023|713000|Variation des stocks|||CA105756|20231023|OPERATION DIVERSE 09/02/2025|41,56|0,00|||20231026||
CA|Caisse|CA00116|20231023|404000|Fournisseurs d'immobilisations|||CA105756|20231023|OPERATION DIVERSE 09/02/2025|0,00|41,56|||20231026||
CA|Caisse|CA00117|20231208|720000|Production immobilisee|||CA121483|20231208|OPERATION DIVERSE 05/01/2025|1761,10|0,00|||20231212||
CA|Caisse|CA00117|20231208|681740|Dot. provisions sur creances|||CA121483|20231208|OPERATION DIVERSE 05/01/2025|0,00|1761,10|||20231212||
CA|Caisse|CA00118|20230928|131800|Autres subventions d'investissement|||CA094830|20230928|OPERATION DIVERSE 05/01/2025|117,77|0,00|||20231003||
CA|Caisse|CA00118|20230928|762000|Produits des autres immobilisations financieres|||CA094830|20230928|OPERATION DIVERSE 05/01/2025|0,00|117,77|||20231003||
CA|Caisse|CA00119|20230106|798000|Integration fiscale - Produits|||CA012312|20230106|OPERATION DIVERSE 17/01/2025|103,10|0,00|||20230112||
CA|Caisse|CA00119|20230106|311000|Matieres premieres|||CA012312|20230106|OPERATION DIVERSE 17/01/2025|0,00|103,10|||20230112||
CA|Caisse|CA00120|20230811|708500|Ports et frais accessoires factures|||CA089557|20230811|OPERATION DIVERSE 12/01/2025|1598,12|0,00|||20230817||
CA|Caisse|CA00120|20230811|687000|Dot. amort. et provisions exceptionnels|||CA089557|20230811|OPERATION DIVERSE 12/01/2025|0,00|1598,12|||20230817||
CA|Caisse|CA00121|20230802|615200|Entretien et reparations sur biens immobiliers|||CA088088|20230802|OPERATION DIVERSE 25/01/2025|549,35|0,00|||20230809||
CA|Caisse|CA00121|20230802|518700|Interets courus a recevoir|||CA088088|20230802|OPERATION DIVERSE 25/01/2025|0,00|549,35|||20230809||
CA|Caisse|CA00122|20230505|431000|Securite sociale|||CA059080|20230505|OPERATION DIVERSE 11/01/2025|347,49|0,00|||20230511||
CA|Caisse|CA00122|20230505|701000|Ventes de produits finis|||CA059080|20230505|OPERATION DIVERSE 11/01/2025|0,00|347,49|||20230511||
CA|Caisse|CA00123|20230613|781740|Reprises sur provisions sur creances|||CA063564|20230613|OPERATION DIVERSE 03/02/2025|283,91|0,00|||20230618||
CA|Caisse|CA00123|20230613|408400|Fournisseurs d'immobilisations - Factures non parvenues|||CA063564|20230613|OPERATION DIVERSE 03/02/2025|0,00|283,91|||20230618||
CA|Caisse|CA00124|20230801|168800|Interets courus sur emprunts|||CA081737|20230801|OPERATION DIVERSE 14/02/2025|366,57|0,00|||20230808||
CA|Caisse|CA00124|20230801|671000|Charges exceptionnelles sur operations de gestion|||CA081737|20230801|OPERATION DIVERSE 14/02/2025|0,00|366,57|||20230808||
CA|Caisse|CA00125|20231229|706000|Prestations de services|||CA129520|20231229|OPERATION DIVERSE 26/01/2025|203,34|0,00|||20231231||
CA|Caisse|CA00125|20231229|796000|Transferts de charges financieres|||CA129520|20231229|OPERATION DIVERSE 26/01/2025|0,00|203,34|||20231231||
CA|Caisse|CA00126|20230603|797000|Transferts de charges exceptionnelles|||CA069100|20230602|OPERATION DIVERSE 30/01/2025|901,71|0,00|||20230604||
CA|Caisse|CA00126|20230602|635000|Autres impots, taxes et versements assimiles|||CA069100|20230602|OPERATION DIVERSE 30/01/2025|0,00|901,71|||20230604||
CA|Caisse|CA00127|20231012|695000|Impots sur les benefices|||CA107813|20231012|OPERATION DIVERSE 19/01/2025|1014,13|0,00|||20231016||
CA|Caisse|CA00127|20231012|467000|Autres comptes debiteurs ou crediteurs|||CA107813|20231012|OPERATION DIVERSE 19/01/2025|0,00|1014,13|||20231016||
CA|Caisse|CA00128|20230828|618100|Documentation generale|||CA085826|20230828|OPERATION DIVERSE 01/02/2025|1865,67|0,00|||20230902||
CA|Caisse|CA00128|20230828|431000|Securite sociale|||CA085826|20230828|OPERATION DIVERSE 01/02/2025|0,00|1865,67|||20230902||
CA|Caisse|CA00129|20231204|720000|Production immobilisee|||CA124071|20231204|OPERATION DIVERSE 16/02/2025|1584,68|0,00|||20231205||
CA|Caisse|CA00129|20231204|708500|Ports et frais accessoires factures|||CA124071|20231204|OPERATION DIVERSE 16/02/2025|0,00|1584,68|||20231205||
CA|Caisse|CA00130|20231103|281840|Amort. mobilier|||CA111708|20231103|OPERATION DIVERSE 19/02/2025|9463,62|0,00|||20231109||
CA|Caisse|CA00130|20231103|512100|Banque secondaire|||CA111708|20231103|OPERATION DIVERSE 19/02/2025|0,00|9463,62|||20231109||
CA|Caisse|CA00131|20230414|151000|Provisions pour risques|||CA047632|20230414|OPERATION DIVERSE 12/02/2025|228,43|0,00|||20230414||
CA|Caisse|CA00131|20230414|218200|Materiel de transport|||CA047632|20230414|OPERATION DIVERSE 12/02/2025|0,00|228,43|||20230414||
CA|Caisse|CA00132|20230703|627000|Services bancaires et assimiles|||CA078816|20230703|OPERATION DIVERSE 22/02/2025|539,00|0,00|||20230703||
CA|Caisse|CA00132|20230703|408400|Fournisseurs d'immobilisations - Factures non parvenues|||CA078816|20230703|OPERATION DIVERSE 22/02/2025|0,00|539,00|||20230703||
CA|Caisse|CA00133|20230505|601000|Achats de matieres premieres|||CA052535|20230505|OPERATION DIVERSE 06/02/2025|1348,32|0,00|||20230508||
CA|Caisse|CA00133|20230505|419100|Clients - Avances et acomptes recus|||CA052535|20230505|OPERATION DIVERSE 06/02/2025|0,00|1348,32|||20230508||
CA|Caisse|CA00134|20230518|635000|Autres impots, taxes et versements assimiles|||CA057896|20230518|OPERATION DIVERSE 26/01/2025|977,95|0,00|||20230521||
CA|Caisse|CA00134|20230518|413000|Clients - Effets a recevoir|||CA057896|20230518|OPERATION DIVERSE 26/01/2025|0,00|977,95|||20230521||
CA|Caisse|CA00135|20230421|777000|Quote-part des subventions d'investissement viree au resultat|||CA046265|20230421|OPERATION DIVERSE 22/02/2025|868,38|0,00|||20230424||
CA|Caisse|CA00135|20230421|606400|Fournitures administratives|||CA046265|20230421|OPERATION DIVERSE 22/02/2025|0,00|868,38|||20230424||
CA|Caisse|CA00136|20230303|654000|Pertes sur creances irrecouvrables|||CA031062|20230303|OPERATION DIVERSE 13/02/2025|243,67|0,00|||20230307||
CA|Caisse|CA00136|20230303|445510|TVA a decaisser|||CA031062|20230303|OPERATION DIVERSE 13/02/2025|0,00|243,67|||20230307||
CA|Caisse|CA00137|20230824|775000|Produits des cessions d'elements d'actif|||CA083200|20230824|OPERATION DIVERSE 02/02/2025|1563,50|0,00|||20230824||
CA|Caisse|CA00137|20230824|781740|Reprises sur provisions sur creances|||CA083200|20230824|OPERATION DIVERSE 02/02/2025|0,00|1563,50|||20230824||
CA|Caisse|CA00138|20230329|766000|Gains de change|||CA035914|20230329|OPERATION DIVERSE 16/01/2025|1784,89|0,00|||20230402||
CA|Caisse|CA00138|20230329|611000|Sous-traitance generale|||CA035914|20230329|OPERATION DIVERSE 16/01/2025|0,00|1784,89|||20230402||
CA|Caisse|CA00139|20230116|164000|Emprunts aupres des etablissements de credit|||CA017423|20230116|OPERATION DIVERSE 12/02/2025|409,08|0,00|||20230119||
CA|Caisse|CA00139|20230116|231000|Immobilisations corporelles en cours|||CA017423|20230116|OPERATION DIVERSE 12/02/2025|0,00|409,08|||20230119||
CA|Caisse|CA00140|20230426|231000|Immobilisations corporelles en cours|||CA046539|20230426|OPERATION DIVERSE 12/02/2025|1710,99|0,00|||20230429||
CA|Caisse|CA00140|20230426|512100|Banque secondaire|||CA046539|20230426|OPERATION DIVERSE 12/02/2025|0,00|1711,00|||20230429||
CA|Caisse|CA00141|20230908|514000|Cheques postaux|||CA092940|20230908|OPERATION DIVERSE 20/02/2025|108,83|0,00|||20230909||
CA|Caisse|CA00141|20230908|207000|Fonds commercial|||CA092940|20230908|OPERATION DIVERSE 20/02/2025|0,00|108,83|||20230909||
CA|Caisse|CA00142|20230130|518100|Interets courus a payer|||CA019320|20230130|OPERATION DIVERSE 22/01/2025|948,94|0,00|||20230130||
CA|Caisse|CA00142|20230130|767000|Produits nets sur cessions de valeurs mobilieres de placement|||CA019320|20230130|OPERATION DIVERSE 22/01/2025|0,00|948,94|||20230130||
CA|Caisse|CA00143|20230915|425000|Personnel - Avances et acomptes|||CA099938|20230915|OPERATION DIVERSE 18/01/2025|585,26|0,00|||20230920||
CA|Caisse|CA00143|20230915|602200|Achats de fournitures consommables|||CA099938|20230915|OPERATION DIVERSE 18/01/2025|0,00|585,26|||20230920||
CA|Caisse|CA00144|20230725|758000|Produits divers de gestion courante|||CA077234|20230725|OPERATION DIVERSE 24/01/2025|972,56|0,00|||20230727||
CA|Caisse|CA00144|20230725|512100|Banque secondaire|||CA077234|20230725|OPERATION DIVERSE 24/01/2025|0,00|972,56|||20230727||
CA|Caisse|CA00145|20230721|763000|Revenus des autres creances|||CA073316|20230721|OPERATION DIVERSE 13/02/2025|1389,88|0,00|||20230722||
CA|Caisse|CA00145|20230721|451000|Groupe|||CA073316|20230721|OPERATION DIVERSE 13/02/2025|0,00|1389,88|||20230722||
CA|Caisse|CA00146|20230824|447100|Autres impots, taxes et versements assimiles|||CA085963|20230824|OPERATION DIVERSE 15/01/2025|422,92|0,00|||20230831||
CA|Caisse|CA00146|20230824|419100|Clients - Avances et acomptes recus|||CA085963|20230824|OPERATION DIVERSE 15/01/2025|0,00|422,92|||20230831||
CA|Caisse|CA00147|20230425|512100|Banque secondaire|||CA043679|20230425|OPERATION DIVERSE 17/02/2025|806,43|0,00|||20230427||
CA|Caisse|CA00147|20230425|514000|Cheques postaux|||CA043679|20230425|OPERATION DIVERSE 17/02/2025|0,00|806,43|||20230427||
CA|Caisse|CA00148|20231121|203000|Frais de recherche et developpement|||CA117429|20231121|OPERATION DIVERSE 05/01/2025|6857,13|0,00|||20231121||
CA|Caisse|CA00148|20231121|512100|Banque secondaire|||CA117429|20231121|OPERATION DIVERSE 05/01/2025|0,00|6857,13|||20231121||
CA|Caisse|CA00149|20231028|445870|TVA sur factures a etablir|||CA108576|20231024|OPERATION DIVERSE 15/01/2025|492,85|0,00|||20231026||
CA|Caisse|CA00149|20231024|613200|Locations immobilieres|||CA108576|20231024|OPERATION DIVERSE 15/01/2025|0,00|492,85|||20231026||
CA|Caisse|CA00150|20230804|428200|Personnel - Conges payes|||CA087661|20230804|OPERATION DIVERSE 09/01/2025|550,61|0,00|||20230808||
CA|Caisse|CA00150|20230804|445710|TVA collectee a payer|||CA087661|20230804|OPERATION DIVERSE 09/01/2025|0,00|550,61|||20230808||
CA|Caisse|CA00151|20230310|218300|Materiel de bureau et informatique|||CA032450|20230310|OPERATION DIVERSE 10/01/2025|6853,29|0,00|||20230314||
CA|Caisse|CA00151|20230310|512000|Banque principale|||CA032450|20230310|OPERATION DIVERSE 10/01/2025|0,00|6853,29|||20230314||
CA|Caisse|CA00152|20231103|120000|Resultat de l'exercice|||CA112273|20231103|OPERATION DIVERSE 21/01/2025|844,04|0,00|||20231106||
CA|Caisse|CA00152|20231103|631000|Impots, taxes et versements assimiles sur remunerations|||CA112273|20231103|OPERATION DIVERSE 21/01/2025|0,00|844,04|||20231106||
CA|Caisse|CA00153|20230112|281350|Amort. installations generales|||CA015324|20230112|OPERATION DIVERSE 25/02/2025|10162,16|0,00|||20230114||
CA|Caisse|CA00153|20230112|512000|Banque principale|||CA015324|20230112|OPERATION DIVERSE 25/02/2025|0,00|10162,16|||20230114||
OD|Operations diverses|OD00001|20231107|281350|Amort. installations generales|||OD116598|20231107|ECRITURE DE REGULARISATION 02/2025|4009,25|0,00|||20231109||
OD|Operations diverses|OD00001|20231107|512100|Banque secondaire|||OD116598|20231107|ECRITURE DE REGULARISATION 02/2025|0,00|4009,25|||20231109||
OD|Operations diverses|OD00002|20231012|445870|TVA sur factures a etablir|||OD101719|20231012|ECRITURE DE REGULARISATION 01/2025|510,47|0,00|||20231014||
OD|Operations diverses|OD00002|20231012|451000|Groupe|||OD101719|20231012|ECRITURE DE REGULARISATION 01/2025|0,00|510,47|||20231014||
OD|Operations diverses|OD00003|20230411|681110|Dot. amort. sur immo. incorporelles|||OD047851|20230411|ECRITURE DE REGULARISATION 02/2025|857,43|0,00|||20230417||
OD|Operations diverses|OD00003|20230411|447100|Autres impots, taxes et versements assimiles|||OD047851|20230411|ECRITURE DE REGULARISATION 02/2025|0,00|857,43|||20230417||
OD|Operations diverses|OD00004|20230413|797000|Transferts de charges exceptionnelles|||OD049868|20230413|ECRITURE DE REGULARISATION 02/2025|762,48|0,00|||20230416||
OD|Operations diverses|OD00004|20230413|205000|Logiciels|||OD049868|20230413|ECRITURE DE REGULARISATION 02/2025|0,00|762,48|||20230416||
OD|Operations diverses|OD00005|20230515|681740|Dot. provisions sur creances|||OD057906|20230515|ECRITURE DE REGULARISATION 02/2025|547,56|0,00|||20230522||
OD|Operations diverses|OD00005|20230515|403000|Fournisseurs - Effets a payer|||OD057906|20230515|ECRITURE DE REGULARISATION 02/2025|0,00|547,56|||20230522||
OD|Operations diverses|OD00006|20230908|500000|Valeurs mobilieres de placement|||OD092366|20230908|ECRITURE DE REGULARISATION 02/2025|314,20|0,00|||20230915||
OD|Operations diverses|OD00006|20230908|445670|TVA collectee|||OD092366|20230908|ECRITURE DE REGULARISATION 02/2025|0,00|314,20|||20230915||
OD|Operations diverses|OD00007|20230817|708500|Ports et frais accessoires factures|||OD086986|20230817|ECRITURE DE REGULARISATION 01/2025|1987,17|0,00|||20230820||
OD|Operations diverses|OD00007|20230817|425000|Personnel - Avances et acomptes|||OD086986|20230817|ECRITURE DE REGULARISATION 01/2025|0,00|1987,17|||20230820||
OD|Operations diverses|OD00008|20230203|408400|Fournisseurs d'immobilisations - Factures non parvenues|||OD025986|20230203|ECRITURE DE REGULARISATION 01/2025|835,19|0,00|||20230203||
OD|Operations diverses|OD00008|20230203|281810|Amort. installations generales|||OD025986|20230203|ECRITURE DE REGULARISATION 01/2025|0,00|835,19|||20230203||
OD|Operations diverses|OD00009|20230901|403000|Fournisseurs - Effets a payer|||OD094990|20230901|ECRITURE DE REGULARISATION 01/2025|525,59|0,00|||20230906||
OD|Operations diverses|OD00009|20230901|281820|Amort. materiel de transport|||OD094990|20230901|ECRITURE DE REGULARISATION 01/2025|0,00|525,59|||20230906||
OD|Operations diverses|OD00010|20230718|445860|TVA sur factures non parvenues|||OD076870|20230718|ECRITURE DE REGULARISATION 01/2025|35,07|0,00|||20230718||
OD|Operations diverses|OD00010|20230718|491000|Depreciation des comptes clients|||OD076870|20230718|ECRITURE DE REGULARISATION 01/2025|0,00|35,07|||20230718||
OD|Operations diverses|OD00011|20230303|397100|Depreciation des stocks de marchandises|||OD039438|20230303|ECRITURE DE REGULARISATION 01/2025|298,57|0,00|||20230303||
OD|Operations diverses|OD00011|20230303|606300|Fournitures d'entretien et petit equipement|||OD039438|20230303|ECRITURE DE REGULARISATION 01/2025|0,00|298,57|||20230303||
OD|Operations diverses|OD00012|20231228|625700|Receptions|||OD124002|20231228|ECRITURE DE REGULARISATION 01/2025|1881,03|0,00|||20231231||
OD|Operations diverses|OD00012|20231228|517000|Autres organismes financiers|||OD124002|20231228|ECRITURE DE REGULARISATION 01/2025|0,00|1881,03|||20231231||
OD|Operations diverses|OD00013|20231017|517000|Autres organismes financiers|||OD101515|20231017|ECRITURE DE REGULARISATION 02/2025|968,65|0,00|||20231023||
OD|Operations diverses|OD00013|20231017|622600|Honoraires|||OD101515|20231017|ECRITURE DE REGULARISATION 02/2025|0,00|968,65|||20231023||
OD|Operations diverses|OD00014|20230731|431000|Securite sociale|||OD076509|20230731|ECRITURE DE REGULARISATION 02/2025|141,90|0,00|||20230801||
OD|Operations diverses|OD00014|20230731|777000|Quote-part des subventions d'investissement viree au resultat|||OD076509|20230731|ECRITURE DE REGULARISATION 02/2025|0,00|141,90|||20230801||
OD|Operations diverses|OD00015|20230202|491000|Depreciation des comptes clients|||OD024465|20230202|ECRITURE DE REGULARISATION 01/2025|103,91|0,00|||20230202||
OD|Operations diverses|OD00015|20230202|771000|Produits exceptionnels sur operations de gestion|||OD024465|20230202|ECRITURE DE REGULARISATION 01/2025|0,00|103,91|||20230202||
OD|Operations diverses|OD00016|20230703|445670|TVA collectee|||OD076183|20230703|ECRITURE DE REGULARISATION 02/2025|223,13|0,00|||20230703||
OD|Operations diverses|OD00016|20230703|767000|Produits nets sur cessions de valeurs mobilieres de placement|||OD076183|20230703|ECRITURE DE REGULARISATION 02/2025|0,00|223,13|||20230703||
OD|Operations diverses|OD00017|20230222|615500|Entretien et reparations sur biens mobiliers|||OD023561|20230222|ECRITURE DE REGULARISATION 02/2025|807,17|0,00|||20230301||
OD|Operations diverses|OD00017|20230222|404000|Fournisseurs d'immobilisations|||OD023561|20230222|ECRITURE DE REGULARISATION 02/2025|0,00|807,17|||20230301||
OD|Operations diverses|OD00018|20230601|781740|Reprises sur provisions sur creances|||OD063322|20230601|ECRITURE DE REGULARISATION 02/2025|1943,50|0,00|||20230604||
OD|Operations diverses|OD00018|20230601|645000|Charges de securite sociale et de prevoyance|||OD063322|20230601|ECRITURE DE REGULARISATION 02/2025|0,00|1943,50|||20230604||
OD|Operations diverses|OD00019|20230727|517000|Autres organismes financiers|||OD079841|20230727|ECRITURE DE REGULARISATION 01/2025|848,88|0,00|||20230730||
OD|Operations diverses|OD00019|20230727|713000|Variation des stocks|||OD079841|20230727|ECRITURE DE REGULARISATION 01/2025|0,00|848,88|||20230730||
OD|Operations diverses|OD00020|20230426|444000|Etat - Impots sur les benefices|||OD041010|20230426|ECRITURE DE REGULARISATION 01/2025|765,46|0,00|||20230501||
OD|Operations diverses|OD00020|20230426|767000|Produits nets sur cessions de valeurs mobilieres de placement|||OD041010|20230426|ECRITURE DE REGULARISATION 01/2025|0,00|765,46|||20230501||
OD|Operations diverses|OD00021|20230714|445620|TVA deductible sur immobilisations|||OD072453|20230714|ECRITURE DE REGULARISATION 01/2025|19,86|0,00|||20230715||
OD|Operations diverses|OD00021|20230714|615500|Entretien et reparations sur biens mobiliers|||OD072453|20230714|ECRITURE DE REGULARISATION 01/2025|0,00|19,86|||20230715||
OD|Operations diverses|OD00022|20230227|370000|Marchandises|||OD026218|20230227|ECRITURE DE REGULARISATION 02/2025|473,19|0,00|||20230228||
OD|Operations diverses|OD00022|20230227|633000|Impots, taxes et versements assimiles sur remunerations (autres organismes)|||OD026218|20230227|ECRITURE DE REGULARISATION 02/2025|0,00|473,19|||20230228||
OD|Operations diverses|OD00023|20230717|411000|Clients|C00006|CLIENT ZETA|OD079339|20230717|ECRITURE DE REGULARISATION 01/2025|1203,46|0,00|||20230721||
OD|Operations diverses|OD00023|20230717|645000|Charges de securite sociale et de prevoyance|||OD079339|20230717|ECRITURE DE REGULARISATION 01/2025|0,00|1203,46|||20230721||
OD|Operations diverses|OD00024|20230522|765000|Escomptes obtenus|||OD056859|20230522|ECRITURE DE REGULARISATION 02/2025|125,23|0,00|||20230526||
OD|Operations diverses|OD00024|20230522|207000|Fonds commercial|||OD056859|20230522|ECRITURE DE REGULARISATION 02/2025|0,00|125,23|||20230526||
OD|Operations diverses|OD00025|20230721|207000|Fonds commercial|||OD075476|20230721|ECRITURE DE REGULARISATION 01/2025|19899,81|0,00|||20230725||
OD|Operations diverses|OD00025|20230721|404000|Fournisseurs d'immobilisations|||OD075476|20230721|ECRITURE DE REGULARISATION 01/2025|0,00|19899,81|||20230725||
OD|Operations diverses|OD00026|20230519|281310|Amort. batiments|||OD056079|20230519|ECRITURE DE REGULARISATION 01/2025|3785,67|0,00|||20230524||
OD|Operations diverses|OD00026|20230519|471000|Compte d'attente|||OD056079|20230519|ECRITURE DE REGULARISATION 01/2025|0,00|3785,67|||20230524||
OD|Operations diverses|OD00027|20230316|441000|Etat - Impot sur les benefices|||OD036123|20230316|ECRITURE DE REGULARISATION 02/2025|717,15|0,00|||20230322||
OD|Operations diverses|OD00027|20230316|606400|Fournitures administratives|||OD036123|20230316|ECRITURE DE REGULARISATION 02/2025|0,00|717,15|||20230322||
OD|Operations diverses|OD00028|20230714|681110|Dot. amort. sur immo. incorporelles|||OD075908|20230714|ECRITURE DE REGULARISATION 02/2025|61,00|0,00|||20230719||
OD|Operations diverses|OD00028|20230714|404000|Fournisseurs d'immobilisations|||OD075908|20230714|ECRITURE DE REGULARISATION 02/2025|0,00|61,00|||20230719||
OD|Operations diverses|OD00029|20230705|777000|Quote-part des subventions d'investissement viree au resultat|||OD073363|20230705|ECRITURE DE REGULARISATION 02/2025|1603,01|0,00|||20230708||
OD|Operations diverses|OD00029|20230705|512000|Banque principale|||OD073363|20230705|ECRITURE DE REGULARISATION 02/2025|0,00|1603,01|||20230708||
OD|Operations diverses|OD00030|20230123|201000|Frais d'etablissement|||OD012754|20230123|ECRITURE DE REGULARISATION 01/2025|2939,20|0,00|||20230128||
OD|Operations diverses|OD00030|20230123|512000|Banque principale|||OD012754|20230123|ECRITURE DE REGULARISATION 01/2025|0,00|2939,20|||20230128||
OD|Operations diverses|OD00031|20230131|781740|Reprises sur provisions sur creances|||OD018661|20230131|ECRITURE DE REGULARISATION 01/2025|105,22|0,00|||20230205||
OD|Operations diverses|OD00031|20230131|633000|Impots, taxes et versements assimiles sur remunerations (autres organismes)|||OD018661|20230131|ECRITURE DE REGULARISATION 01/2025|0,00|105,22|||20230205||
OD|Operations diverses|OD00032|20230602|613200|Locations immobilieres|||OD067016|20230602|ECRITURE DE REGULARISATION 01/2025|755,49|0,00|||20230606||
OD|Operations diverses|OD00032|20230602|438200|Charges sociales sur conges a payer|||OD067016|20230602|ECRITURE DE REGULARISATION 01/2025|0,00|755,49|||20230606||
OD|Operations diverses|OD00033|20230705|666000|Pertes de change|||OD079884|20230705|ECRITURE DE REGULARISATION 01/2025|779,91|0,00|||20230708||
OD|Operations diverses|OD00033|20230705|445860|TVA sur factures non parvenues|||OD079884|20230705|ECRITURE DE REGULARISATION 01/2025|0,00|779,91|||20230708||
OD|Operations diverses|OD00034|20231020|451000|Groupe|||OD109278|20231020|ECRITURE DE REGULARISATION 01/2025|229,90|0,00|||20231023||
OD|Operations diverses|OD00034|20231020|416000|Clients douteux|||OD109278|20231020|ECRITURE DE REGULARISATION 01/2025|0,00|229,90|||20231023||
OD|Operations diverses|OD00035|20231207|231000|Immobilisations corporelles en cours|||OD125185|20231207|ECRITURE DE REGULARISATION 01/2025|8441,71|0,00|||20231211||
OD|Operations diverses|OD00035|20231209|404000|Fournisseurs d'immobilisations|||OD125185|20231207|ECRITURE DE REGULARISATION 01/2025|0,00|8441,71|||20231211||
OD|Operations diverses|OD00036|20231229|445620|TVA deductible sur immobilisations|||OD125472|20231229|ECRITURE DE REGULARISATION 01/2025|37,00|0,00|||20231230||
OD|Operations diverses|OD00036|20231229|767000|Produits nets sur cessions de valeurs mobilieres de placement|||OD125472|20231229|ECRITURE DE REGULARISATION 01/2025|0,00|37,00|||20231230||
OD|Operations diverses|OD00037|20230628|321000|Matieres consommables|||OD067308|20230628|ECRITURE DE REGULARISATION 01/2025|803,41|0,00|||20230630||
OD|Operations diverses|OD00037|20230628|213100|Constructions - Batiments|||OD067308|20230628|ECRITURE DE REGULARISATION 01/2025|0,00|803,41|||20230630||
OD|Operations diverses|OD00038|20231201|797000|Transferts de charges exceptionnelles|||OD123804|20231201|ECRITURE DE REGULARISATION 02/2025|999,80|0,00|||20231202||
OD|Operations diverses|OD00038|20231201|720000|Production immobilisee|||OD123804|20231201|ECRITURE DE REGULARISATION 02/2025|0,00|999,80|||20231202||
OD|Operations diverses|OD00039|20230821|641000|Remunerations du personnel|||OD084422|20230821|ECRITURE DE REGULARISATION 01/2025|1648,93|0,00|||20230822||
OD|Operations diverses|OD00039|20230821|403000|Fournisseurs - Effets a payer|||OD084422|20230821|ECRITURE DE REGULARISATION 01/2025|0,00|1648,93|||20230822||
OD|Operations diverses|OD00040|20230630|486000|Charges constatees d'avance|||OD084422|20230630|ECRITURE DE REGULARISATION 01/2025|686,14|0,00|||20230705||
OD|Operations diverses|OD00040|20230630|468600|Charges a payer|||OD066739|20230630|ECRITURE DE REGULARISATION 01/2025|0,00|686,14|||20230705||
OD|Operations diverses|OD00041|20231226|607000|Achats de marchandises|||OD122517|20231226|ECRITURE DE REGULARISATION 02/2025|1237,50|0,00|||20231231||
OD|Operations diverses|OD00041|20231226|500000|Valeurs mobilieres de placement|||OD122517|20231226|ECRITURE DE REGULARISATION 02/2025|0,00|1237,50|||20231231||
OD|Operations diverses|OD00042|20230512|447100|Autres impots, taxes et versements assimiles|||OD053412|20230512|ECRITURE DE REGULARISATION 01/2025|222,69|0,00|||20230513||
OD|Operations diverses|OD00042|20230512|625700|Receptions|||OD053412|20230512|ECRITURE DE REGULARISATION 01/2025|0,00|222,69|||20230513||
OD|Operations diverses|OD00043|20230324|512000|Banque principale|||OD037328|20230324|ECRITURE DE REGULARISATION 02/2025|4536,05|0,00|||20230327||
OD|Operations diverses|OD00043|20230324|428200|Personnel - Conges payes|||OD037328|20230324|ECRITURE DE REGULARISATION 02/2025|0,00|4536,05|||20230327||
OD|Operations diverses|OD00044|20230310|215400|Materiel industriel|||OD031883|20230310|ECRITURE DE REGULARISATION 01/2025|13530,05|0,00|||20230312||
OD|Operations diverses|OD00044|20230310|512000|Banque principale|||OD031883|20230310|ECRITURE DE REGULARISATION 01/2025|0,00|13530,05|||20230312||
OD|Operations diverses|OD00045|20231130|781740|Reprises sur provisions sur creances|||OD112216|20231130|ECRITURE DE REGULARISATION 01/2025|1483,65|0,00|||20231205||
OD|Operations diverses|OD00045|20231130|205000|Logiciels|||OD112216|20231130|ECRITURE DE REGULARISATION 01/2025|0,00|1483,65|||20231205||
OD|Operations diverses|OD00046|20230428|518700|Interets courus a recevoir|||OD046011|20230428|ECRITURE DE REGULARISATION 01/2025|120,00|0,00|||20230429||
OD|Operations diverses|OD00046|20230428|675000|Valeurs comptables des elements d'actif cedes|||OD046011|20230428|ECRITURE DE REGULARISATION 01/2025|0,00|120,00|||20230429||
OD|Operations diverses|OD00047|20230331|120000|Resultat de l'exercice|||OD034036|20230331|ECRITURE DE REGULARISATION 01/2025|519,34|0,00|||20230403||
OD|Operations diverses|OD00047|20230331|765000|Escomptes obtenus|||OD034036|20230331|ECRITURE DE REGULARISATION 01/2025|0,00|519,34|||20230403||
OD|Operations diverses|OD00048|20231222|165000|Depots et cautionnements recus|||OD127367|20231222|ECRITURE DE REGULARISATION 01/2025|17,17|0,00|||20231228||
OD|Operations diverses|OD00048|20231222|447100|Autres impots, taxes et versements assimiles|||OD127367|20231222|ECRITURE DE REGULARISATION 01/2025|0,00|17,17|||20231228||
OD|Operations diverses|OD00049|20231218|281540|Amort. materiel industriel|||OD122711|20231218|ECRITURE DE REGULARISATION 02/2025|13059,89|0,00|||20231223||
OD|Operations diverses|OD00049|20231218|404000|Fournisseurs d'immobilisations|||OD122711|20231218|ECRITURE DE REGULARISATION 02/2025|0,00|13059,89|||20231223||
OD|Operations diverses|OD00050|20230605|445620|TVA deductible sur immobilisations|||OD066644|20230605|ECRITURE DE REGULARISATION 02/2025|221,25|0,00|||20230610||
OD|Operations diverses|OD00050|20230605|691000|Participation des salaries aux resultats|||OD066644|20230605|ECRITURE DE REGULARISATION 02/2025|0,00|221,25|||20230610||
OD|Operations diverses|OD00051|20231208|411000|Clients|C00004|CLIENT DELTA|OD122165|20231208|ECRITURE DE REGULARISATION 02/2025|888,63|0,00|||20231215||
OD|Operations diverses|OD00051|20231208|651000|Redevances pour concessions, brevets, licences, etc.|||OD122165|20231208|ECRITURE DE REGULARISATION 02/2025|0,00|888,63|||20231215||
OD|Operations diverses|OD00052|20231220|445710|TVA collectee a payer|||OD124659|20231220|ECRITURE DE REGULARISATION 01/2025|272,18|0,00|||20231225||
OD|Operations diverses|OD00052|20231220|413000|Clients - Effets a recevoir|||OD124659|20231220|ECRITURE DE REGULARISATION 01/2025|0,00|272,18|||20231225||
OD|Operations diverses|OD00053|20230421|781740|Reprises sur provisions sur creances|||OD047725|20230421|ECRITURE DE REGULARISATION 01/2025|1813,20|0,00|||20230426||
OD|Operations diverses|OD00053|20230421|500000|Valeurs mobilieres de placement|||OD047725|20230421|ECRITURE DE REGULARISATION 01/2025|0,00|1813,20|||20230426||
OD|Operations diverses|OD00054|20230106|207000|Fonds commercial|||OD012334|20230106|ECRITURE DE REGULARISATION 02/2025|8842,83|0,00|||20230112||
OD|Operations diverses|OD00054|20230106|404000|Fournisseurs d'immobilisations|||OD012334|20230106|ECRITURE DE REGULARISATION 02/2025|0,00|8842,83|||20230112||
OD|Operations diverses|OD00055|20230414|614000|Charges locatives|||OD042683|20230414|ECRITURE DE REGULARISATION 01/2025|253,95|0,00|||20230416||
OD|Operations diverses|OD00055|20230414|438200|Charges sociales sur conges a payer|||OD042683|20230414|ECRITURE DE REGULARISATION 01/2025|0,00|253,95|||20230416||
OD|Operations diverses|OD00056|20230928|709000|Rabais, remises et ristournes accordes|||OD095269|20230928|ECRITURE DE REGULARISATION 01/2025|1425,26|0,00|||20231003||
OD|Operations diverses|OD00056|20230928|445620|TVA deductible sur immobilisations|||OD095269|20230928|ECRITURE DE REGULARISATION 01/2025|0,00|1425,26|||20231003||
OD|Operations diverses|OD00057|20230830|281540|Amort. materiel industriel|||OD084269|20230830|ECRITURE DE REGULARISATION 01/2025|13995,60|0,00|||20230831||
OD|Operations diverses|OD00057|20230830|404000|Fournisseurs d'immobilisations|||OD084269|20230830|ECRITURE DE REGULARISATION 01/2025|0,00|13995,60|||20230831||
OD|Operations diverses|OD00058|20230705|231000|Immobilisations corporelles en cours|||OD076493|20230705|ECRITURE DE REGULARISATION 02/2025|16274,26|0,00|||20230711||
OD|Operations diverses|OD00058|20230705|404000|Fournisseurs d'immobilisations|||OD076493|20230705|ECRITURE DE REGULARISATION 02/2025|0,00|16274,26|||20230711||
OD|Operations diverses|OD00059|20230526|763000|Revenus des autres creances|||OD053420|20230526|ECRITURE DE REGULARISATION 01/2025|1945,25|0,00|||20230602||
OD|Operations diverses|OD00059|20230526|606300|Fournitures d'entretien et petit equipement|||OD053420|20230526|ECRITURE DE REGULARISATION 01/2025|0,00|1945,25|||20230602||
OD|Operations diverses|OD00060|20230526|706000|Prestations de services|||OD056864|20230526|ECRITURE DE REGULARISATION 02/2025|77,44|0,00|||20230601||
OD|Operations diverses|OD00060|20230526|281820|Amort. materiel de transport|||OD056864|20230526|ECRITURE DE REGULARISATION 02/2025|0,00|77,44|||20230601||
OD|Operations diverses|OD00061|20230630|409100|Fournisseurs - Avances et acomptes verses|||OD064109|20230630|ECRITURE DE REGULARISATION 01/2025|136,14|0,00|||20230703||
OD|Operations diverses|OD00061|20230630|416000|Clients douteux|||OD064109|20230630|ECRITURE DE REGULARISATION 01/2025|0,00|136,14|||20230703||
OD|Operations diverses|OD00062|20231003|681500|Dot. provisions pour risques et charges d'exploitation|||OD106648|20231003|ECRITURE DE REGULARISATION 01/2025|727,62|0,00|||20231004||
OD|Operations diverses|OD00062|20231003|445620|TVA deductible sur immobilisations|||OD106648|20231003|ECRITURE DE REGULARISATION 01/2025|0,00|727,62|||20231004||
OD|Operations diverses|OD00063|20231116|775000|Produits des cessions d'elements d'actif|||OD117421|20231116|ECRITURE DE REGULARISATION 02/2025|1082,14|0,00|||20231117||
OD|Operations diverses|OD00063|20231116|626000|Frais postaux et de telecommunications|||OD117421|20231116|ECRITURE DE REGULARISATION 02/2025|0,00|1082,14|||20231117||
OD|Operations diverses|OD00064|20230922|622600|Honoraires|||OD095497|20230922|ECRITURE DE REGULARISATION 02/2025|695,39|0,00|||20230922||
OD|Operations diverses|OD00064|20230922|404000|Fournisseurs d'immobilisations|||OD095497|20230922|ECRITURE DE REGULARISATION 02/2025|0,00|695,39|||20230922||
OD|Operations diverses|OD00065|20230901|445620|TVA deductible sur immobilisations|||OD091622|20230901|ECRITURE DE REGULARISATION 02/2025|736,87|0,00|||20230907||
OD|Operations diverses|OD00065|20230901|203000|Frais de recherche et developpement|||OD091622|20230901|ECRITURE DE REGULARISATION 02/2025|0,00|736,87|||20230907||
OD|Operations diverses|OD00066|20230831|709000|Rabais, remises et ristournes accordes|||OD089174|20230831|ECRITURE DE REGULARISATION 02/2025|1204,90|0,00|||20230905||
OD|Operations diverses|OD00066|20230831|706000|Prestations de services|||OD089174|20230831|ECRITURE DE REGULARISATION 02/2025|0,00|1204,90|||20230905||
OD|Operations diverses|OD00067|20231006|612000|Redevances de credit-bail|||OD105505|20231006|ECRITURE DE REGULARISATION 01/2025|907,19|0,00|||20231007||
OD|Operations diverses|OD00067|20231006|580000|Virements internes|||OD105505|20231006|ECRITURE DE REGULARISATION 01/2025|0,00|907,19|||20231007||
OD|Operations diverses|OD00068|20231016|518100|Interets courus a payer|||OD101695|20231016|ECRITURE DE REGULARISATION 02/2025|842,56|0,00|||20231020||
OD|Operations diverses|OD00068|20231016|771000|Produits exceptionnels sur operations de gestion|||OD101695|20231016|ECRITURE DE REGULARISATION 02/2025|0,00|842,56|||20231020||
OD|Operations diverses|OD00069|20230428|628100|Concours divers (cotisations...)|||OD041103|20230428|ECRITURE DE REGULARISATION 01/2025|1286,83|0,00|||20230503||
OD|Operations diverses|OD00069|20230428|451000|Groupe|||OD041103|20230428|ECRITURE DE REGULARISATION 01/2025|0,00|1286,83|||20230503||
OD|Operations diverses|OD00070|20231208|530000|Caisse|||OD129572|20231208|ECRITURE DE REGULARISATION 02/2025|232,44|0,00|||20231213||
OD|Operations diverses|OD00070|20231208|602200|Achats de fournitures consommables|||OD129572|20231208|ECRITURE DE REGULARISATION 02/2025|0,00|232,44|||20231213||
OD|Operations diverses|OD00071|20230217|511000|Valeurs a l'encaissement|||OD025038|20230217|ECRITURE DE REGULARISATION 02/2025|397,53|0,00|||20230220||
OD|Operations diverses|OD00071|20230217|602260|Achats d'emballages|||OD025038|20230217|ECRITURE DE REGULARISATION 02/2025|0,00|397,53|||20230220||
OD|Operations diverses|OD00072|20230407|471000|Compte d'attente|||OD045637|20230407|ECRITURE DE REGULARISATION 02/2025|588,90|0,00|||20230410||
OD|Operations diverses|OD00072|20230407|500000|Valeurs mobilieres de placement|||OD045637|20230407|ECRITURE DE REGULARISATION 02/2025|0,00|588,90|||20230410||
OD|Operations diverses|OD00073|20230710|280500|Amort. logiciels|||OD079242|20230710|ECRITURE DE REGULARISATION 01/2025|17727,66|0,00|||20230712||
OD|Operations diverses|OD00073|20230710|404000|Fournisseurs d'immobilisations|||OD079242|20230710|ECRITURE DE REGULARISATION 01/2025|0,00|17727,66|||20230712||
OD|Operations diverses|OD00074|20230609|618500|Frais de colloques, seminaires, conferences|||OD063668|20230609|ECRITURE DE REGULARISATION 02/2025|716,61|0,00|||20230616||
OD|Operations diverses|OD00074|20230609|445520|TVA due intracommunautaire|||OD063668|20230609|ECRITURE DE REGULARISATION 02/2025|0,00|716,61|||20230616||
OD|Operations diverses|OD00075|20230927|623100|Annonces et insertions|||OD095752|20230927|ECRITURE DE REGULARISATION 02/2025|1697,27|0,00|||20230929||
OD|Operations diverses|OD00075|20230927|427000|Personnel - Oppositions|||OD095752|20230927|ECRITURE DE REGULARISATION 02/2025|0,00|1697,27|||20230929||
OD|Operations diverses|OD00076|20230824|419100|Clients - Avances et acomptes recus|||OD086740|20230824|ECRITURE DE REGULARISATION 02/2025|944,80|0,00|||20230826||
OD|Operations diverses|OD00076|20230824|355000|Produits finis (groupe)|||OD086740|20230824|ECRITURE DE REGULARISATION 02/2025|0,00|944,80|||20230826||
OD|Operations diverses|OD00077|20230809|445670|TVA collectee|||OD086371|20230809|ECRITURE DE REGULARISATION 01/2025|607,87|0,00|||20230815||
OD|Operations diverses|OD00077|20230809|487000|Produits constates d'avance|||OD086371|20230809|ECRITURE DE REGULARISATION 01/2025|0,00|607,87|||20230815||
OD|Operations diverses|OD00078|20231031|425000|Personnel - Avances et acomptes|||OD101214|20231031|ECRITURE DE REGULARISATION 02/2025|477,31|0,00|||20231102||
OD|Operations diverses|OD00078|20231031|625600|Missions|||OD101214|20231031|ECRITURE DE REGULARISATION 02/2025|0,00|477,31|||20231102||
OD|Operations diverses|OD00079|20230901|691000|Participation des salaries aux resultats|||OD093737|20230901|ECRITURE DE REGULARISATION 01/2025|34,83|0,00|||20230906||
OD|Operations diverses|OD00079|20230901|445670|TVA collectee|||OD093737|20230901|ECRITURE DE REGULARISATION 01/2025|0,00|34,83|||20230906||
OD|Operations diverses|OD00080|20230616|767000|Produits nets sur cessions de valeurs mobilieres de placement|||OD068427|20230616|ECRITURE DE REGULARISATION 02/2025|1058,57|0,00|||20230619||
OD|Operations diverses|OD00080|20230616|614000|Charges locatives|||OD068427|20230616|ECRITURE DE REGULARISATION 02/2025|0,00|1058,57|||20230619||
OD|Operations diverses|OD00081|20230811|231000|Immobilisations corporelles en cours|||OD088403|20230811|ECRITURE DE REGULARISATION 01/2025|14274,07|0,00|||20230811||
OD|Operations diverses|OD00081|20230811|404000|Fournisseurs d'immobilisations|||OD088403|20230811|ECRITURE DE REGULARISATION 01/2025|0,00|14274,07|||20230811||
OD|Operations diverses|OD00082|20230403|445510|TVA a decaisser|||OD048909|20230403|ECRITURE DE REGULARISATION 01/2025|616,51|0,00|||20230403||
OD|Operations diverses|OD00082|20230403|207000|Fonds commercial|||OD048909|20230403|ECRITURE DE REGULARISATION 01/2025|0,00|616,51|||20230403||
OD|Operations diverses|OD00083|20231122|602260|Achats d'emballages|||OD113982|20231122|ECRITURE DE REGULARISATION 01/2025|1773,32|0,00|||20231125||
OD|Operations diverses|OD00083|20231122|500000|Valeurs mobilieres de placement|||OD113982|20231122|ECRITURE DE REGULARISATION 01/2025|0,00|1773,32|||20231125||
OD|Operations diverses|OD00084|20230105|781500|Reprises sur provisions pour risques et charges d'exploitation|||OD018155|20230105|ECRITURE DE REGULARISATION 02/2025|89,26|0,00|||20230110||
OD|Operations diverses|OD00084|20230105|758000|Produits divers de gestion courante|||OD018155|20230105|ECRITURE DE REGULARISATION 02/2025|0,00|89,26|||20230110||
OD|Operations diverses|OD00085|20230821|151000|Provisions pour risques|||OD083848|20230821|ECRITURE DE REGULARISATION 02/2025|632,43|0,00|||20230824||
OD|Operations diverses|OD00085|20230821|642000|Remunerations des dirigeants|||OD083848|20230821|ECRITURE DE REGULARISATION 02/2025|0,00|632,43|||20230824||
OD|Operations diverses|OD00086|20230921|445870|TVA sur factures a etablir|||OD091152|20230921|ECRITURE DE REGULARISATION 01/2025|355,25|0,00|||20230924||
OD|Operations diverses|OD00086|20230921|615600|Maintenance|||OD091152|20230921|ECRITURE DE REGULARISATION 01/2025|0,00|355,25|||20230924||
OD|Operations diverses|OD00087|20230302|612000|Redevances de credit-bail|||BQ113089|20230302|ECRITURE DE REGULARISATION 02/2025|211,48|0,00|||20230306||
OD|Operations diverses|OD00087|20230302|416000|Clients douteux|||OD039355|20230302|ECRITURE DE REGULARISATION 02/2025|0,00|211,48|||20230306||
OD|Operations diverses|OD00088|20230120|606800|Autres matieres et fournitures|||AC114639|20230120|ECRITURE DE REGULARISATION 01/2025|141,06|0,00|||20230123||
OD|Operations diverses|OD00088|20230120|512000|Banque principale|||OD014495|20230120|ECRITURE DE REGULARISATION 01/2025|0,00|141,06|||20230123||
OD|Operations diverses|OD00089|20231110|281840|Amort. mobilier|||OD111868|20231110|ECRITURE DE REGULARISATION 02/2025|8849,83|0,00|||20231113||
OD|Operations diverses|OD00089|20231110|512100|Banque secondaire|||OD111868|20231110|ECRITURE DE REGULARISATION 02/2025|0,00|8849,83|||20231113||
OD|Operations diverses|OD00090|20230825|518700|Interets courus a recevoir|||OD088950|20230825|ECRITURE DE REGULARISATION 02/2025|671,24|0,00|||20230828||
OD|Operations diverses|OD00090|20230825|404000|Fournisseurs d'immobilisations|||OD088950|20230825|ECRITURE DE REGULARISATION 02/2025|0,00|671,24|||20230828||
OD|Operations diverses|OD00091|20230728|445710|TVA collectee a payer|||OD072381|20230728|ECRITURE DE REGULARISATION 01/2025|810,66|0,00|||20230803||
OD|Operations diverses|OD00091|20230728|514000|Cheques postaux|||OD072381|20230728|ECRITURE DE REGULARISATION 01/2025|0,00|810,66|||20230803||
OD|Operations diverses|OD00092|20230510|508000|Interets courus sur VMP|||OD055656|20230510|ECRITURE DE REGULARISATION 02/2025|74,69|0,00|||20230513||
OD|Operations diverses|OD00092|20230510|695000|Impots sur les benefices|||OD055656|20230510|ECRITURE DE REGULARISATION 02/2025|0,00|74,69|||20230513||
OD|Operations diverses|OD00093|20230217|447100|Autres impots, taxes et versements assimiles|||OD029865|20230217|ECRITURE DE REGULARISATION 01/2025|561,69|0,00|||20230224||
OD|Operations diverses|OD00093|20230217|165000|Depots et cautionnements recus|||OD029865|20230217|ECRITURE DE REGULARISATION 01/2025|0,00|561,69|||20230224||
OD|Operations diverses|OD00094|20231215|675000|Valeurs comptables des elements d'actif cedes|||OD126056|20231215|ECRITURE DE REGULARISATION 02/2025|1601,70|0,00|||20231215||
OD|Operations diverses|OD00094|20231215|445710|TVA collectee a payer|||OD126056|20231215|ECRITURE DE REGULARISATION 02/2025|0,00|1601,70|||20231215||
OD|Operations diverses|OD00095|20231218|622700|Frais d'actes et de contentieux|||OD125708|20231218|ECRITURE DE REGULARISATION 02/2025|707,37|0,00|||20231224||
OD|Operations diverses|OD00095|20231218|408100|Fournisseurs - Factures non parvenues|||OD125708|20231218|ECRITURE DE REGULARISATION 02/2025|0,00|707,37|||20231224||
OD|Operations diverses|OD00096|20230210|602100|Achats de matieres consommables|||OD021766|20230210|ECRITURE DE REGULARISATION 01/2025|117,30|0,00|||20230213||
OD|Operations diverses|OD00096|20230210|431000|Securite sociale|||OD021766|20230210|ECRITURE DE REGULARISATION 01/2025|0,00|117,30|||20230213||
OD|Operations diverses|OD00097|20230817|622700|Frais d'actes et de contentieux|||OD082689|20230817|ECRITURE DE REGULARISATION 01/2025|849,53|0,00|||20230820||
OD|Operations diverses|OD00097|20230817|418100|Clients - Factures a etablir|||OD082689|20230817|ECRITURE DE REGULARISATION 01/2025|0,00|849,53|||20230820||
OD|Operations diverses|OD00098|20230608|642000|Remunerations des dirigeants|||OD061923|20230608|ECRITURE DE REGULARISATION 01/2025|1600,38|0,00|||20230615||
OD|Operations diverses|OD00098|20230608|421000|Personnel - Remunerations dues|||OD061923|20230608|ECRITURE DE REGULARISATION 01/2025|0,00|1600,38|||20230615||
OD|Operations diverses|OD00099|20230913|641000|Remunerations du personnel|||OD099855|20230913|ECRITURE DE REGULARISATION 02/2025|783,13|0,00|||20230916||
OD|Operations diverses|OD00099|20230913|431000|Securite sociale|||OD099855|20230913|ECRITURE DE REGULARISATION 02/2025|0,00|783,13|||20230916||
OD|Operations diverses|OD00100|20230922|168800|Interets courus sur emprunts|||OD096112|20230922|ECRITURE DE REGULARISATION 01/2025|891,74|0,00|||20230925||
OD|Operations diverses|OD00100|20230922|404000|Fournisseurs d'immobilisations|||OD096112|20230922|ECRITURE DE REGULARISATION 01/2025|0,00|891,74|||20230925||
OD|Operations diverses|OD00101|20230928|615200|Entretien et reparations sur biens immobiliers|||OD096339|20230928|ECRITURE DE REGULARISATION 02/2025|637,55|0,00|||20231004||
OD|Operations diverses|OD00101|20230928|491000|Depreciation des comptes clients|||OD096339|20230928|ECRITURE DE REGULARISATION 02/2025|0,00|637,55|||20231004||
OD|Operations diverses|OD00102|20231229|627000|Services bancaires et assimiles|||OD129448|20231229|ECRITURE DE REGULARISATION 01/2025|684,47|0,00|||20231231||
OD|Operations diverses|OD00102|20231229|486000|Charges constatees d'avance|||OD129448|20231229|ECRITURE DE REGULARISATION 01/2025|0,00|684,47|||20231231||
OD|Operations diverses|OD00103|20230706|508000|Interets courus sur VMP|||OD076294|20230706|ECRITURE DE REGULARISATION 02/2025|85,12|0,00|||20230709||
OD|Operations diverses|OD00103|20230706|762000|Produits des autres immobilisations financieres|||OD076294|20230706|ECRITURE DE REGULARISATION 02/2025|0,00|85,12|||20230709||
OD|Operations diverses|OD00104|20230718|701000|Ventes de produits finis|||OD071083|20230718|ECRITURE DE REGULARISATION 01/2025|806,73|0,00|||20230718||
OD|Operations diverses|OD00104|20230718|765000|Escomptes obtenus|||OD071083|20230718|ECRITURE DE REGULARISATION 01/2025|0,00|806,73|||20230718||
OD|Operations diverses|OD00105|20230515|642000|Remunerations des dirigeants|||OD058049|20230515|ECRITURE DE REGULARISATION 02/2025|72,70|0,00|||20230522||
OD|Operations diverses|OD00105|20230515|445620|TVA deductible sur immobilisations|||OD058049|20230515|ECRITURE DE REGULARISATION 02/2025|0,00|72,70|||20230522||
OD|Operations diverses|OD00106|20231106|311000|Matieres premieres|||OD117407|20231106|ECRITURE DE REGULARISATION 01/2025|545,14|0,00|||20231109||
OD|Operations diverses|OD00106|20231106|720000|Production immobilisee|||OD117407|20231106|ECRITURE DE REGULARISATION 01/2025|0,00|545,14|||20231109||
OD|Operations diverses|OD00107|20230117|218200|Materiel de transport|||OD017462|20230117|ECRITURE DE REGULARISATION 01/2025|16850,73|0,00|||20230122||
OD|Operations diverses|OD00107|20230117|404000|Fournisseurs d'immobilisations|||OD017462|20230117|ECRITURE DE REGULARISATION 01/2025|0,00|16850,73|||20230122||
OD|Operations diverses|OD00108|20230605|101000|Capital social|||OD066208|20230605|ECRITURE DE REGULARISATION 02/2025|483,60|0,00|||20230612||
OD|Operations diverses|OD00108|20230605|445510|TVA a decaisser|||OD066208|20230605|ECRITURE DE REGULARISATION 02/2025|0,00|483,60|||20230612||
OD|Operations diverses|OD00109|20230505|518700|Interets courus a recevoir|||OD054550|20230505|ECRITURE DE REGULARISATION 02/2025|379,74|0,00|||20230510||
OD|Operations diverses|OD00109|20230505|622600|Honoraires|||OD054550|20230505|ECRITURE DE REGULARISATION 02/2025|0,00|379,74|||20230510||
OD|Operations diverses|OD00110|20230313|413000|Clients - Effets a recevoir|||OD034886|20230313|ECRITURE DE REGULARISATION 02/2025|482,69|0,00|||20230314||
OD|Operations diverses|OD00110|20230313|403000|Fournisseurs - Effets a payer|||OD034886|20230313|ECRITURE DE REGULARISATION 02/2025|0,00|482,69|||20230314||
OD|Operations diverses|OD00111|20230516|445670|TVA collectee|||OD056896|20230516|ECRITURE DE REGULARISATION 01/2025|76,32|0,00|||20230517||
OD|Operations diverses|OD00111|20230516|681500|Dot. provisions pour risques et charges d'exploitation|||OD056896|20230516|ECRITURE DE REGULARISATION 01/2025|0,00|76,32|||20230517||
OD|Operations diverses|OD00112|20230203|651000|Redevances pour concessions, brevets, licences, etc.|||OD026189|20230203|ECRITURE DE REGULARISATION 01/2025|210,36|0,00|||20230210||
OD|Operations diverses|OD00112|20230203|580000|Virements internes|||OD026189|20230203|ECRITURE DE REGULARISATION 01/2025|0,00|210,36|||20230210||
OD|Operations diverses|OD00113|20231120|106800|Autres reserves|||OD117501|20231120|ECRITURE DE REGULARISATION 01/2025|980,00|0,00|||20231127||
OD|Operations diverses|OD00113|20231120|606100|Electricite, gaz, eau|||OD117501|20231120|ECRITURE DE REGULARISATION 01/2025|0,00|980,00|||20231127||
OD|Operations diverses|OD00114|20230421|786500|Reprises sur provisions pour risques et charges financiers|||OD044303|20230421|ECRITURE DE REGULARISATION 01/2025|1819,80|0,00|||20230425||
OD|Operations diverses|OD00114|20230421|642000|Remunerations des dirigeants|||OD044303|20230421|ECRITURE DE REGULARISATION 01/2025|0,00|1819,80|||20230425||
OD|Operations diverses|OD00115|20231211|628100|Concours divers (cotisations...)|||OD122826|20231211|ECRITURE DE REGULARISATION 01/2025|734,84|0,00|||20231212||
OD|Operations diverses|OD00115|20231211|413000|Clients - Effets a recevoir|||OD122826|20231211|ECRITURE DE REGULARISATION 01/2025|0,00|734,84|||20231212||
OD|Operations diverses|OD00116|20230717|205000|Logiciels|||OD074367|20230717|ECRITURE DE REGULARISATION 01/2025|6463,20|0,00|||20230720||
OD|Operations diverses|OD00116|20230717|512100|Banque secondaire|||OD074367|20230717|ECRITURE DE REGULARISATION 01/2025|0,00|6463,20|||20230720||
OD|Operations diverses|OD00117|20230407|418100|Clients - Factures a etablir|||OD048388|20230407|ECRITURE DE REGULARISATION 01/2025|28,78|0,00|||20230409||
OD|Operations diverses|OD00117|20230407|218400|Mobilier|||OD048388|20230407|ECRITURE DE REGULARISATION 01/2025|0,00|28,78|||20230409||
OD|Operations diverses|OD00118|20231003|622600|Honoraires|||OD103516|20231003|ECRITURE DE REGULARISATION 02/2025|1774,20|0,00|||20231004||
OD|Operations diverses|OD00118|20231003|508000|Interets courus sur VMP|||OD103516|20231003|ECRITURE DE REGULARISATION 02/2025|0,00|1774,20|||20231004||
OD|Operations diverses|OD00119|20230105|647000|Autres charges sociales|||OD019427|20230105|ECRITURE DE REGULARISATION 02/2025|760,03|0,00|||20230105||
OD|Operations diverses|OD00119|20230105|409100|Fournisseurs - Avances et acomptes verses|||OD019427|20230105|ECRITURE DE REGULARISATION 02/2025|0,00|760,03|||20230105||
OD|Operations diverses|OD00120|20230411|281830|Amort. materiel de bureau|||OD042535|20230411|ECRITURE DE REGULARISATION 02/2025|7123,15|0,00|||20230416||
OD|Operations diverses|OD00120|20230411|512000|Banque principale|||OD042535|20230411|ECRITURE DE REGULARISATION 02/2025|0,00|7123,15|||20230416||
OD|Operations diverses|OD00121|20230512|625600|Missions|||OD059742|20230512|ECRITURE DE REGULARISATION 02/2025|1225,22|0,00|||20230513||
OD|Operations diverses|OD00121|20230512|455000|Associes - Comptes courants|||OD059742|20230512|ECRITURE DE REGULARISATION 02/2025|0,00|1225,22|||20230513||
OD|Operations diverses|OD00122|20230302|781740|Reprises sur provisions sur creances|||OD032656|20230302|ECRITURE DE REGULARISATION 01/2025|278,07|0,00|||20230307||
OD|Operations diverses|OD00122|20230302|631000|Impots, taxes et versements assimiles sur remunerations|||OD032656|20230302|ECRITURE DE REGULARISATION 01/2025|0,00|278,07|||20230307||
OD|Operations diverses|OD00123|20231204|508000|Interets courus sur VMP|||OD127242|20231204|ECRITURE DE REGULARISATION 02/2025|713,31|0,00|||20231205||
OD|Operations diverses|OD00123|20231204|681500|Dot. provisions pour risques et charges d'exploitation|||OD127242|20231204|ECRITURE DE REGULARISATION 02/2025|0,00|713,31|||20231205||
OD|Operations diverses|OD00124|20231107|740000|Subventions d'exploitation|||OD111549|20231107|ECRITURE DE REGULARISATION 02/2025|1448,67|0,00|||20231109||
OD|Operations diverses|OD00124|20231107|215400|Materiel industriel|||OD111549|20231107|ECRITURE DE REGULARISATION 02/2025|0,00|1448,67|||20231109||
OD|Operations diverses|OD00125|20231120|621000|Personnel exterieur a l'entreprise|||OD111425|20231120|ECRITURE DE REGULARISATION 02/2025|809,02|0,00|||20231127||
OD|Operations diverses|OD00125|20231120|467000|Autres comptes debiteurs ou crediteurs|||OD111425|20231120|ECRITURE DE REGULARISATION 02/2025|0,00|809,02|||20231127||
OD|Operations diverses|OD00126|20230816|786500|Reprises sur provisions pour risques et charges financiers|||OD086855|20230816|ECRITURE DE REGULARISATION 01/2025|1487,93|0,00|||20230822||
OD|Operations diverses|OD00126|20230816|762000|Produits des autres immobilisations financieres|||OD086855|20230816|ECRITURE DE REGULARISATION 01/2025|0,00|1487,93|||20230822||
OD|Operations diverses|OD00127|20230808|625600|Missions|||OD086020|20230808|ECRITURE DE REGULARISATION 01/2025|595,54|0,00|||20230809||
OD|Operations diverses|OD00127|20230808|445870|TVA sur factures a etablir|||OD086020|20230808|ECRITURE DE REGULARISATION 01/2025|0,00|595,54|||20230809||
OD|Operations diverses|OD00128|20230317|441000|Etat - Impot sur les benefices|||OD039319|20230317|ECRITURE DE REGULARISATION 01/2025|385,89|0,00|||20230317||
OD|Operations diverses|OD00128|20230317|201000|Frais d'etablissement|||OD039319|20230317|ECRITURE DE REGULARISATION 01/2025|0,00|385,89|||20230317||
OD|Operations diverses|OD00129|20230328|695000|Impots sur les benefices|||OD031412|20230328|ECRITURE DE REGULARISATION 01/2025|1165,85|0,00|||20230401||
OD|Operations diverses|OD00129|20230328|500000|Valeurs mobilieres de placement|||OD031412|20230328|ECRITURE DE REGULARISATION 01/2025|0,00|1165,85|||20230401||
OD|Operations diverses|OD00130|20230123|451000|Groupe|||OD011038|20230123|ECRITURE DE REGULARISATION 02/2025|42,55|0,00|||20230123||
OD|Operations diverses|OD00130|20230123|647000|Autres charges sociales|||OD011038|20230123|ECRITURE DE REGULARISATION 02/2025|0,00|42,55|||20230123||
OD|Operations diverses|OD00131|20230725|207000|Fonds commercial|||OD072689|20230725|ECRITURE DE REGULARISATION 02/2025|4675,68|0,00|||20230801||
OD|Operations diverses|OD00131|20230725|404000|Fournisseurs d'immobilisations|||OD072689|20230725|ECRITURE DE REGULARISATION 02/2025|0,00|4675,68|||20230801||
OD|Operations diverses|OD00132|20230804|512000|Banque principale|||OD087800|20230804|ECRITURE DE REGULARISATION 02/2025|7562,66|0,00|||20230807||
OD|Operations diverses|OD00132|20230804|791000|Transferts de charges d'exploitation|||OD087800|20230804|ECRITURE DE REGULARISATION 02/2025|0,00|7562,66|||20230807||
OD|Operations diverses|OD00133|20231128|618500|Frais de colloques, seminaires, conferences|||OD115869|20231128|ECRITURE DE REGULARISATION 02/2025|1781,42|0,00|||20231204||
OD|Operations diverses|OD00133|20231128|425000|Personnel - Avances et acomptes|||OD115869|20231128|ECRITURE DE REGULARISATION 02/2025|0,00|1781,42|||20231204||
OD|Operations diverses|OD00134|20230116|608500|Frais accessoires d'achat|||OD013911|20230116|ECRITURE DE REGULARISATION 01/2025|1093,41|0,00|||20230123||
OD|Operations diverses|OD00134|20230116|508000|Interets courus sur VMP|||OD013911|20230116|ECRITURE DE REGULARISATION 01/2025|0,00|1093,41|||20230123||
OD|Operations diverses|OD00135|20230317|701000|Ventes de produits finis|||OD037578|20230317|ECRITURE DE REGULARISATION 01/2025|1405,30|0,00|||20230320||
OD|Operations diverses|OD00135|20230317|708500|Ports et frais accessoires factures|||OD037578|20230317|ECRITURE DE REGULARISATION 01/2025|0,00|1405,30|||20230320||
OD|Operations diverses|OD00136|20231215|431000|Securite sociale|||OD122593|20231215|ECRITURE DE REGULARISATION 02/2025|511,27|0,00|||20231218||
OD|Operations diverses|OD00136|20231216|606800|Autres matieres et fournitures|||OD122593|20231215|ECRITURE DE REGULARISATION 02/2025|0,00|511,27|||20231218||
OD|Operations diverses|OD00137|20231011|681500|Dot. provisions pour risques et charges d'exploitation|||OD101272|20231011|ECRITURE DE REGULARISATION 01/2025|855,97|0,00|||20231014||
OD|Operations diverses|OD00137|20231011|419100|Clients - Avances et acomptes recus|||OD101272|20231011|ECRITURE DE REGULARISATION 01/2025|0,00|855,97|||20231014||
OD|Operations diverses|OD00138|20230314|445710|TVA collectee a payer|||OD031392|20230314|ECRITURE DE REGULARISATION 01/2025|732,82|0,00|||20230315||
OD|Operations diverses|OD00138|20230314|635000|Autres impots, taxes et versements assimiles|||OD031392|20230314|ECRITURE DE REGULARISATION 01/2025|0,00|732,82|||20230315||
OD|Operations diverses|OD00139|20230913|602200|Achats de fournitures consommables|||OD096457|20230913|ECRITURE DE REGULARISATION 02/2025|152,85|0,00|||20230920||
OD|Operations diverses|OD00139|20230913|444000|Etat - Impots sur les benefices|||OD096457|20230913|ECRITURE DE REGULARISATION 02/2025|0,00|152,85|||20230920||
OD|Operations diverses|OD00140|20231221|635000|Autres impots, taxes et versements assimiles|||OD124299|20231221|ECRITURE DE REGULARISATION 01/2025|862,80|0,00|||20231223||
OD|Operations diverses|OD00140|20231221|408100|Fournisseurs - Factures non parvenues|||OD124299|20231221|ECRITURE DE REGULARISATION 01/2025|0,00|862,80|||20231223||
OD|Operations diverses|OD00141|20231122|647000|Autres charges sociales|||OD113100|20231122|ECRITURE DE REGULARISATION 01/2025|1442,19|0,00|||20231126||
OD|Operations diverses|OD00141|20231122|421000|Personnel - Remunerations dues|||OD113100|20231122|ECRITURE DE REGULARISATION 01/2025|0,00|1442,19|||20231126||
OD|Operations diverses|OD00142|20230602|740000|Subventions d'exploitation|||OD069279|20230602|ECRITURE DE REGULARISATION 01/2025|887,17|0,00|||20230608||
OD|Operations diverses|OD00142|20230602|613200|Locations immobilieres|||OD069279|20230602|ECRITURE DE REGULARISATION 01/2025|0,00|887,17|||20230608||
OD|Operations diverses|OD00143|20230706|622700|Frais d'actes et de contentieux|||OD071862|20230706|ECRITURE DE REGULARISATION 02/2025|1017,00|0,00|||20230711||
OD|Operations diverses|OD00143|20230706|451000|Groupe|||OD071862|20230706|ECRITURE DE REGULARISATION 02/2025|0,00|1017,00|||20230711||
OD|Operations diverses|OD00144|20230920|775000|Produits des cessions d'elements d'actif|||OD099955|20230920|ECRITURE DE REGULARISATION 01/2025|1562,33|0,00|||20230926||
OD|Operations diverses|OD00144|20230920|281820|Amort. materiel de transport|||OD099955|20230920|ECRITURE DE REGULARISATION 01/2025|0,00|1562,33|||20230926||
OD|Operations diverses|OD00145|20230106|642000|Remunerations des dirigeants|||OD019176|20230106|ECRITURE DE REGULARISATION 02/2025|574,32|0,00|||20230111||
OD|Operations diverses|OD00145|20230106|409100|Fournisseurs - Avances et acomptes verses|||OD019176|20230106|ECRITURE DE REGULARISATION 02/2025|0,00|574,32|||20230111||
OD|Operations diverses|OD00146|20231005|618100|Documentation generale|||OD103288|20231005|ECRITURE DE REGULARISATION 01/2025|1257,27|0,00|||20231005||
OD|Operations diverses|OD00146|20231005|445870|TVA sur factures a etablir|||OD103288|20231005|ECRITURE DE REGULARISATION 01/2025|0,00|1257,27|||20231005||
OD|Operations diverses|OD00147|20230923|695000|Impots sur les benefices|||OD097966|20230922|ECRITURE DE REGULARISATION 02/2025|518,97|0,00|||20230928||
OD|Operations diverses|OD00147|20230922|437000|Autres organismes sociaux|||OD097966|20230922|ECRITURE DE REGULARISATION 02/2025|0,00|518,97|||20230928||
OD|Operations diverses|OD00148|20230207|445620|TVA deductible sur immobilisations|||OD025845|20230207|ECRITURE DE REGULARISATION 02/2025|342,41|0,00|||20230208||
OD|Operations diverses|OD00148|20230207|517000|Autres organismes financiers|||OD025845|20230207|ECRITURE DE REGULARISATION 02/2025|0,00|342,41|||20230208||
VE|Ventes|VE00001|20231226|708500|Ports et frais accessoires factures|||VE129853|20231226|FACT CLIENT CLIENT BETA 509464|698,32|0,00|||20231227||
VE|Ventes|VE00001|20231226|781500|Reprises sur provisions pour risques et charges d'exploitation|||VE129853|20231226|FACT CLIENT CLIENT BETA 509464|0,00|698,32|||20231227||
VE|Ventes|VE00002|20230815|419100|Clients - Avances et acomptes recus|||VE083660|20230815|FACT CLIENT CLIENT DELTA 295693|229,36|0,00|||20230815||
VE|Ventes|VE00002|20230815|708500|Ports et frais accessoires factures|||VE083660|20230815|FACT CLIENT CLIENT DELTA 295693|0,00|229,36|||20230815||
VE|Ventes|VE00003|20230224|708500|Ports et frais accessoires factures|||VE021412|20230224|FACT CLIENT CLIENT ALPHA 429821|620,19|0,00|||20230302||
VE|Ventes|VE00003|20230224|444000|Etat - Impots sur les benefices|||VE021412|20230224|FACT CLIENT CLIENT ALPHA 429821|0,00|620,19|||20230302||
VE|Ventes|VE00004|20230601|418100|Clients - Factures a etablir|||VE062606|20230601|FACT CLIENT CLIENT EPSILON 292260|736,44|0,00|||20230606||
VE|Ventes|VE00004|20230603|709000|Rabais, remises et ristournes accordes|||VE062606|20230601|FACT CLIENT CLIENT EPSILON 292260|0,00|736,44|||20230606||
VE|Ventes|VE00005|20231030|416000|Clients douteux|||VE102261|20231030|FACT CLIENT CLIENT ALPHA 216560|241,95|0,00|||20231105||
VE|Ventes|VE00005|20231030|740000|Subventions d'exploitation|||VE102261|20231030|FACT CLIENT CLIENT ALPHA 216560|0,00|241,95|||20231105||
VE|Ventes|VE00006|20231107|419100|Clients - Avances et acomptes recus|||VE119155|20231107|FACT CLIENT CLIENT ALPHA 559067|339,76|0,00|||20231109||
VE|Ventes|VE00006|20231107|758000|Produits divers de gestion courante|||VE119155|20231107|FACT CLIENT CLIENT ALPHA 559067|0,00|339,76|||20231109||
VE|Ventes|VE00007|20230705|413000|Clients - Effets a recevoir|||VE077475|20230705|FACT CLIENT CLIENT ALPHA 592816|331,63|0,00|||20230710||
VE|Ventes|VE00007|20230705|796000|Transferts de charges financieres|||VE077475|20230705|FACT CLIENT CLIENT ALPHA 592816|0,00|331,63|||20230710||
VE|Ventes|VE00008|20231117|411000|Clients|C00004|CLIENT DELTA|VE117387|20231117|FACT CLIENT CLIENT GAMMA 112557|1754,02|0,00|F4|20231229|20231117||
VE|Ventes|VE00008|20231117|781740|Reprises sur provisions sur creances|||VE117387|20231117|FACT CLIENT CLIENT GAMMA 112557|0,00|1754,02|||20231117||
VE|Ventes|VE00009|20230808|419100|Clients - Avances et acomptes recus|||VE086909|20230808|FACT CLIENT CLIENT BETA 142338|327,75|0,00|||20230815||
VE|Ventes|VE00009|20230808|281350|Amort. installations generales|||VE086909|20230808|FACT CLIENT CLIENT BETA 142338|0,00|327,75|||20230815||
VE|Ventes|VE00010|20230629|701000|Ventes de produits finis|||VE068627|20230629|FACT CLIENT CLIENT ALPHA 940724|119,22|0,00|||20230703||
VE|Ventes|VE00010|20230629|411000|Clients|C00004|CLIENT DELTA|VE068627|20230629|FACT CLIENT CLIENT ALPHA 940724|0,00|119,22|||20230703||
VE|Ventes|VE00011|20230420|708500|Ports et frais accessoires factures|||VE046849|20230420|FACT CLIENT CLIENT EPSILON 54662|1640,18|0,00|||20230422||
VE|Ventes|VE00011|20230420|231000|Immobilisations corporelles en cours|||VE046849|20230420|FACT CLIENT CLIENT EPSILON 54662|0,00|1640,18|||20230422||
VE|Ventes|VE00012|20230803|709000|Rabais, remises et ristournes accordes|||VE089366|20230803|FACT CLIENT CLIENT ALPHA 123642|1758,32|0,00|||20230807||
VE|Ventes|VE00012|20230803|623400|Cadeaux a la clientele|||VE089366|20230803|FACT CLIENT CLIENT ALPHA 123642|0,00|1758,32|||20230807||
VE|Ventes|VE00013|20230522|419100|Clients - Avances et acomptes recus|||VE054975|20230522|FACT CLIENT CLIENT DELTA 538085|269,36|0,00|||20230524||
VE|Ventes|VE00013|20230522|106100|Reserve legale|||VE054975|20230522|FACT CLIENT CLIENT DELTA 538085|0,00|269,36|||20230524||
VE|Ventes|VE00014|20231211|708500|Ports et frais accessoires factures|||VE121802|20231211|FACT CLIENT CLIENT DELTA 542926|1938,91|0,00|||20231218||
VE|Ventes|VE00014|20231211|602260|Achats d'emballages|||VE121802|20231211|FACT CLIENT CLIENT DELTA 542926|0,00|1938,91|||20231218||
VE|Ventes|VE00015|20230120|418100|Clients - Factures a etablir|||VE013916|20230120|FACT CLIENT CLIENT BETA 929825|503,63|0,00|||20230122||
VE|Ventes|VE00015|20230120|403000|Fournisseurs - Effets a payer|||VE013916|20230120|FACT CLIENT CLIENT BETA 929825|0,00|503,63|||20230122||
VE|Ventes|VE00016|20231120|411000|Clients|C00010|CLIENT KAPPA|VE113825|20231120|FACT CLIENT CLIENT ALPHA 305465|5831,33|0,00|M3|20231210|20231123||
VE|Ventes|VE00016|20231120|681740|Dot. provisions sur creances|||VE113825|20231120|FACT CLIENT CLIENT ALPHA 305465|0,00|5831,33|||20231123||
VE|Ventes|VE00017|20230915|419100|Clients - Avances et acomptes recus|||VE095542|20230915|FACT CLIENT CLIENT ALPHA 955300|903,68|0,00|||20230917||
VE|Ventes|VE00017|20230915|781740|Reprises sur provisions sur creances|||VE095542|20230915|FACT CLIENT CLIENT ALPHA 955300|0,00|903,68|||20230917||
VE|Ventes|VE00018|20230324|709000|Rabais, remises et ristournes accordes|||VE035699|20230324|FACT CLIENT CLIENT DELTA 717945|1876,44|0,00|||20230331||
VE|Ventes|VE00018|20230324|623000|Publicite, publications, relations publiques|||VE035699|20230324|FACT CLIENT CLIENT DELTA 717945|0,00|1876,44|||20230331||
VE|Ventes|VE00019|20230209|701000|Ventes de produits finis|||VE024315|20230209|FACT CLIENT CLIENT GAMMA 937484|1754,46|0,00|||20230211||
VE|Ventes|VE00019|20230209|165000|Depots et cautionnements recus|||VE024315|20230209|FACT CLIENT CLIENT GAMMA 937484|0,00|1754,46|||20230211||
VE|Ventes|VE00020|20230808|419100|Clients - Avances et acomptes recus|||VE088198|20230808|FACT CLIENT CLIENT BETA 440442|232,73|0,00|||20230815||
VE|Ventes|VE00020|20230808|781740|Reprises sur provisions sur creances|||VE088198|20230808|FACT CLIENT CLIENT BETA 440442|0,00|232,73|||20230815||
VE|Ventes|VE00021|20231122|701000|Ventes de produits finis|||VE112346|20231122|FACT CLIENT CLIENT BETA 15697|1317,63|0,00|||20231122||
VE|Ventes|VE00021|20231122|165000|Depots et cautionnements recus|||VE112346|20231122|FACT CLIENT CLIENT BETA 15697|0,00|1317,63|||20231122||
VE|Ventes|VE00022|20230512|416000|Clients douteux|||VE056907|20230512|FACT CLIENT CLIENT ALPHA 186519|884,66|0,00|||20230513||
VE|Ventes|VE00022|20230512|633000|Impots, taxes et versements assimiles sur remunerations (autres organismes)|||VE056907|20230512|FACT CLIENT CLIENT ALPHA 186519|0,00|884,66|||20230513||
VE|Ventes|VE00023|20231117|701000|Ventes de produits finis|||VE114227|20231117|FACT CLIENT CLIENT EPSILON 838100|1179,44|0,00|||20231118||
VE|Ventes|VE00023|20231117|654000|Pertes sur creances irrecouvrables|||VE114227|20231117|FACT CLIENT CLIENT EPSILON 838100|0,00|1179,44|||20231118||
VE|Ventes|VE00024|20230524|701000|Ventes de produits finis|||VE054281|20230524|FACT CLIENT CLIENT BETA 211344|855,46|0,00|||20230527||
VE|Ventes|VE00024|20230524|468600|Charges a payer|||VE054281|20230524|FACT CLIENT CLIENT BETA 211344|0,00|855,46|||20230527||
VE|Ventes|VE00025|20230517|418100|Clients - Factures a etablir|||VE053004|20230517|FACT CLIENT CLIENT DELTA 252425|24,98|0,00|||20230522||
VE|Ventes|VE00025|20230517|606400|Fournitures administratives|||VE053004|20230517|FACT CLIENT CLIENT DELTA 252425|0,00|24,98|||20230522||
VE|Ventes|VE00026|20231218|709000|Rabais, remises et ristournes accordes|||VE129144|20231218|FACT CLIENT CLIENT EPSILON 449290|1439,63|0,00|||20231221||
VE|Ventes|VE00026|20231218|751000|Redevances pour concessions, brevets, licences, etc.|||VE129144|20231218|FACT CLIENT CLIENT EPSILON 449290|0,00|1439,63|||20231221||
VE|Ventes|VE00027|20230505|708500|Ports et frais accessoires factures|||VE056728|20230505|FACT CLIENT CLIENT GAMMA 716097|1361,59|0,00|||20230509||
VE|Ventes|VE00027|20230505|764000|Revenus des valeurs mobilieres de placement|||VE056728|20230505|FACT CLIENT CLIENT GAMMA 716097|0,00|1361,59|||20230509||
VE|Ventes|VE00028|20231027|706000|Prestations de services|||VE108162|20231027|FACT CLIENT CLIENT DELTA 774683|870,16|0,00|||20231102||
VE|Ventes|VE00028|20231027|441000|Etat - Impot sur les benefices|||VE108162|20231027|FACT CLIENT CLIENT DELTA 774683|0,00|870,16|||20231102||
VE|Ventes|VE00029|20230502|416000|Clients douteux|||VE054645|20230502|FACT CLIENT CLIENT DELTA 343004|471,09|0,00|||20230503||
VE|Ventes|VE00029|20230502|445860|TVA sur factures non parvenues|||VE054645|20230502|FACT CLIENT CLIENT DELTA 343004|0,00|471,09|||20230503||
VE|Ventes|VE00030|20230811|419100|Clients - Avances et acomptes recus|||VE089160|20230811|FACT CLIENT CLIENT ALPHA 6532|827,54|0,00|||20230816||
VE|Ventes|VE00030|20230811|707000|Ventes de marchandises|||VE089160|20230811|FACT CLIENT CLIENT ALPHA 6532|0,00|827,54|||20230816||
VE|Ventes|VE00031|20230821|708500|Ports et frais accessoires factures|||VE088519|20230821|FACT CLIENT CLIENT BETA 205598|1052,57|0,00|||20230828||
VE|Ventes|VE00031|20230821|281830|Amort. materiel de bureau|||VE088519|20230821|FACT CLIENT CLIENT BETA 205598|0,00|1052,57|||20230828||
VE|Ventes|VE00032|20231109|419100|Clients - Avances et acomptes recus|||VE119547|20231109|FACT CLIENT CLIENT EPSILON 803549|115,17|0,00|||20231112||
VE|Ventes|VE00032|20231109|615500|Entretien et reparations sur biens mobiliers|||VE119547|20231109|FACT CLIENT CLIENT EPSILON 803549|0,00|115,17|||20231112||
VE|Ventes|VE00033|20230828|707000|Ventes de marchandises|||VE088395|20230828|FACT CLIENT CLIENT DELTA 532649|158,52|0,00|||20230902||
VE|Ventes|VE00033|20230828|418100|Clients - Factures a etablir|||VE088395|20230828|FACT CLIENT CLIENT DELTA 532649|0,00|158,52|||20230902||
VE|Ventes|VE00034|20230421|419100|Clients - Avances et acomptes recus|||VE048557|20230421|FACT CLIENT CLIENT BETA 795748|765,03|0,00|||20230422||
VE|Ventes|VE00034|20230421|512000|Banque principale|||VE048557|20230421|FACT CLIENT CLIENT BETA 795748|0,00|765,03|||20230422||
VE|Ventes|VE00035|20230907|419100|Clients - Avances et acomptes recus|||VE097020|20230907|FACT CLIENT CLIENT DELTA 713752|438,01|0,00|||20230909||
VE|Ventes|VE00035|20230907|281310|Amort. batiments|||VE097020|20230907|FACT CLIENT CLIENT DELTA 713752|0,00|438,01|||20230909||
VE|Ventes|VE00036|20230414|708500|Ports et frais accessoires factures|||VE048606|20230414|FACT CLIENT CLIENT DELTA 981136|1483,98|0,00|||20230418||
VE|Ventes|VE00036|20230414|106100|Reserve legale|||VE048606|20230414|FACT CLIENT CLIENT DELTA 981136|0,00|1483,98|||20230418||
VE|Ventes|VE00037|20230714|419100|Clients - Avances et acomptes recus|||VE078648|20230714|FACT CLIENT CLIENT EPSILON 17094|362,88|0,00|||20230719||
VE|Ventes|VE00037|20230714|781740|Reprises sur provisions sur creances|||VE078648|20230714|FACT CLIENT CLIENT EPSILON 17094|0,00|362,88|||20230719||
VE|Ventes|VE00038|20231026|418100|Clients - Factures a etablir|||VE103321|20231026|FACT CLIENT CLIENT BETA 145514|131,57|0,00|||20231031||
VE|Ventes|VE00038|20231026|409100|Fournisseurs - Avances et acomptes verses|||VE103321|20231026|FACT CLIENT CLIENT BETA 145514|0,00|131,57|||20231031||
VE|Ventes|VE00039|20231206|419100|Clients - Avances et acomptes recus|||VE126970|20231206|FACT CLIENT CLIENT GAMMA 686098|338,29|0,00|||20231206||
VE|Ventes|VE00039|20231206|658000|Charges diverses de gestion courante|||VE126970|20231206|FACT CLIENT CLIENT GAMMA 686098|0,00|338,29|||20231206||
VE|Ventes|VE00040|20230609|708500|Ports et frais accessoires factures|||VE061751|20230609|FACT CLIENT CLIENT BETA 973681|615,75|0,00|||20230612||
VE|Ventes|VE00040|20230609|661000|Charges d'interets|||VE061751|20230609|FACT CLIENT CLIENT BETA 973681|0,00|615,75|||20230612||
VE|Ventes|VE00041|20231003|413000|Clients - Effets a recevoir|||VE102430|20231003|FACT CLIENT CLIENT EPSILON 297243|942,86|0,00|||20231009||
VE|Ventes|VE00041|20231003|625100|Voyages et deplacements|||VE102430|20231003|FACT CLIENT CLIENT EPSILON 297243|0,00|942,86|||20231009||
VE|Ventes|VE00042|20230825|701000|Ventes de produits finis|||VE088675|20230825|FACT CLIENT CLIENT ALPHA 103207|882,61|0,00|||20230826||
VE|Ventes|VE00042|20230825|203000|Frais de recherche et developpement|||VE088675|20230825|FACT CLIENT CLIENT ALPHA 103207|0,00|882,61|||20230826||
VE|Ventes|VE00043|20230331|701000|Ventes de produits finis|||VE037540|20230331|FACT CLIENT CLIENT BETA 154993|861,56|0,00|||20230401||
VE|Ventes|VE00043|20230331|786500|Reprises sur provisions pour risques et charges financiers|||VE037540|20230331|FACT CLIENT CLIENT BETA 154993|0,00|861,56|||20230401||
VE|Ventes|VE00044|20230524|413000|Clients - Effets a recevoir|||VE055664|20230524|FACT CLIENT CLIENT GAMMA 833777|82,65|0,00|||20230529||
VE|Ventes|VE00044|20230524|625600|Missions|||VE055664|20230524|FACT CLIENT CLIENT GAMMA 833777|0,00|82,65|||20230529||
VE|Ventes|VE00045|20231124|707000|Ventes de marchandises|||VE117261|20231124|FACT CLIENT CLIENT GAMMA 649485|1808,47|0,00|||20231124||
VE|Ventes|VE00045|20231124|203000|Frais de recherche et developpement|||VE117261|20231124|FACT CLIENT CLIENT GAMMA 649485|0,00|1808,47|||20231124||
VE|Ventes|VE00046|20230421|707000|Ventes de marchandises|||VE044219|20230421|FACT CLIENT CLIENT BETA 222959|1442,52|0,00|||20230422||
VE|Ventes|VE00046|20230421|763000|Revenus des autres creances|||VE044219|20230421|FACT CLIENT CLIENT BETA 222959|0,00|1442,52|||20230422||
VE|Ventes|VE00047|20230315|701000|Ventes de produits finis|||VE031432|20230315|FACT CLIENT CLIENT BETA 916795|723,37|0,00|||20230321||
VE|Ventes|VE00047|20230315|641000|Remunerations du personnel|||VE031432|20230315|FACT CLIENT CLIENT BETA 916795|0,00|723,37|||20230321||
VE|Ventes|VE00048|20230714|419100|Clients - Avances et acomptes recus|||VE073132|20230714|FACT CLIENT CLIENT DELTA 974075|791,73|0,00|||20230719||
VE|Ventes|VE00048|20230714|606400|Fournitures administratives|||VE073132|20230714|FACT CLIENT CLIENT DELTA 974075|0,00|791,73|||20230719||
VE|Ventes|VE00049|20230327|419100|Clients - Avances et acomptes recus|||VE035808|20230327|FACT CLIENT CLIENT BETA 671203|496,37|0,00|||20230330||
VE|Ventes|VE00049|20230327|781740|Reprises sur provisions sur creances|||VE035808|20230327|FACT CLIENT CLIENT BETA 671203|0,00|496,37|||20230330||
VE|Ventes|VE00050|20230410|706000|Prestations de services|||VE048547|20230410|FACT CLIENT CLIENT GAMMA 105304|688,78|0,00|||20230412||
VE|Ventes|VE00050|20230410|686500|Dot. provisions pour risques et charges financiers|||VE048547|20230410|FACT CLIENT CLIENT GAMMA 105304|0,00|688,78|||20230412||
VE|Ventes|VE00051|20230623|416000|Clients douteux|||VE068788|20230623|FACT CLIENT CLIENT ALPHA 961324|680,96|0,00|||20230627||
VE|Ventes|VE00051|20230623|628100|Concours divers (cotisations...)|||VE068788|20230623|FACT CLIENT CLIENT ALPHA 961324|0,00|680,96|||20230627||
VE|Ventes|VE00052|20230621|701000|Ventes de produits finis|||VE061670|20230621|FACT CLIENT CLIENT EPSILON 701572|955,97|0,00|||20230626||
VE|Ventes|VE00052|20230621|775000|Produits des cessions d'elements d'actif|||VE061670|20230621|FACT CLIENT CLIENT EPSILON 701572|0,00|955,97|||20230626||
VE|Ventes|VE00053|20230222|413000|Clients - Effets a recevoir|||VE022744|20230222|FACT CLIENT CLIENT DELTA 617683|888,52|0,00|||20230222||
VE|Ventes|VE00053|20230222|311000|Matieres premieres|||VE022744|20230222|FACT CLIENT CLIENT DELTA 617683|0,00|888,52|||20230222||
VE|Ventes|VE00054|20231009|707000|Ventes de marchandises|||VE101030|20231009|FACT CLIENT CLIENT ALPHA 729272|189,54|0,00|||20231012||
VE|Ventes|VE00054|20231009|445870|TVA sur factures a etablir|||VE101030|20231009|FACT CLIENT CLIENT ALPHA 729272|0,00|189,54|||20231012||
VE|Ventes|VE00055|20231116|418100|Clients - Factures a etablir|||VE114028|20231116|FACT CLIENT CLIENT GAMMA 954309|534,84|0,00|||20231117||
VE|Ventes|VE00055|20231116|231000|Immobilisations corporelles en cours|||VE114028|20231116|FACT CLIENT CLIENT GAMMA 954309|0,00|534,84|||20231117||
VE|Ventes|VE00056|20230608|413000|Clients - Effets a recevoir|||VE061741|20230608|FACT CLIENT CLIENT BETA 569469|373,77|0,00|||20230611||
VE|Ventes|VE00056|20230610|754000|Ristournes percues des cooperatives|||VE061741|20230608|FACT CLIENT CLIENT BETA 569469|0,00|373,77|||20230611||
VE|Ventes|VE00057|20230728|707000|Ventes de marchandises|||VE072419|20230728|FACT CLIENT CLIENT EPSILON 240473|166,25|0,00|||20230729||
VE|Ventes|VE00057|20230728|218400|Mobilier|||VE072419|20230728|FACT CLIENT CLIENT EPSILON 240473|0,00|166,25|||20230729||
VE|Ventes|VE00058|20231207|416000|Clients douteux|||VE122328|20231207|FACT CLIENT CLIENT EPSILON 179511|584,18|0,00|||20231213||
VE|Ventes|VE00058|20231207|687000|Dot. amort. et provisions exceptionnels|||VE122328|20231207|FACT CLIENT CLIENT EPSILON 179511|0,00|584,18|||20231213||
VE|Ventes|VE00059|20231018|411000|Clients|C00007|CLIENT ETA|VE108706|20231018|FACT CLIENT CLIENT DELTA 967463|6951,11|0,00|||20231025||
VE|Ventes|VE00059|20231018|590000|Depreciation des valeurs mobilieres de placement|||VE108706|20231018|FACT CLIENT CLIENT DELTA 967463|0,00|6951,11|||20231025||
VE|Ventes|VE00060|20231121|413000|Clients - Effets a recevoir|||VE119345|20231121|FACT CLIENT CLIENT GAMMA 965336|270,97|0,00|||20231123||
VE|Ventes|VE00060|20231121|203000|Frais de recherche et developpement|||VE119345|20231121|FACT CLIENT CLIENT GAMMA 965336|0,00|270,97|||20231123||
VE|Ventes|VE00061|20230106|418100|Clients - Factures a etablir|||VE013335|20230106|FACT CLIENT CLIENT DELTA 865740|590,25|0,00|||20230107||
VE|Ventes|VE00061|20230106|530000|Caisse|||VE013335|20230106|FACT CLIENT CLIENT DELTA 865740|0,00|590,25|||20230107||
VE|Ventes|VE00062|20230814|706000|Prestations de services|||VE086256|20230814|FACT CLIENT CLIENT ALPHA 870700|1565,17|0,00|||20230814||
VE|Ventes|VE00062|20230814|441000|Etat - Impot sur les benefices|||VE086256|20230814|FACT CLIENT CLIENT ALPHA 870700|0,00|1565,17|||20230814||
VE|Ventes|VE00063|20231222|706000|Prestations de services|||VE125020|20231222|FACT CLIENT CLIENT EPSILON 572955|28,40|0,00|||20231228||
VE|Ventes|VE00063|20231222|681740|Dot. provisions sur creances|||VE125020|20231222|FACT CLIENT CLIENT EPSILON 572955|0,00|28,40|||20231228||
VE|Ventes|VE00064|20230109|416000|Clients douteux|||VE016314|20230109|FACT CLIENT CLIENT DELTA 350960|518,43|0,00|||20230113||
VE|Ventes|VE00064|20230109|408100|Fournisseurs - Factures non parvenues|||VE016314|20230109|FACT CLIENT CLIENT DELTA 350960|0,00|518,43|||20230113||
VE|Ventes|VE00065|20231211|707000|Ventes de marchandises|||VE123372|20231211|FACT CLIENT CLIENT ALPHA 362928|1112,83|0,00|||20231212||
VE|Ventes|VE00065|20231211|708500|Ports et frais accessoires factures|||VE123372|20231211|FACT CLIENT CLIENT ALPHA 362928|0,00|1112,83|||20231212||
VE|Ventes|VE00066|20230728|709000|Rabais, remises et ristournes accordes|||VE079080|20230728|FACT CLIENT CLIENT BETA 759692|918,12|0,00|||20230804||
VE|Ventes|VE00066|20230728|602100|Achats de matieres consommables|||VE079080|20230728|FACT CLIENT CLIENT BETA 759692|0,00|918,12|||20230804||
VE|Ventes|VE00067|20230303|416000|Clients douteux|||VE038011|20230303|FACT CLIENT CLIENT BETA 715046|515,47|0,00|||20230304||
VE|Ventes|VE00067|20230303|401000|Fournisseurs|F00004|PAPETERIE EXPRESS|VE038011|20230303|FACT CLIENT CLIENT BETA 715046|0,00|515,47|||20230304||
VE|Ventes|VE00068|20231208|701000|Ventes de produits finis|||VE126215|20231208|FACT CLIENT CLIENT BETA 722742|1848,37|0,00|||20231214||
VE|Ventes|VE00068|20231208|213100|Constructions - Batiments|||VE126215|20231208|FACT CLIENT CLIENT BETA 722742|0,00|1848,37|||20231214||
VE|Ventes|VE00069|20230901|701000|Ventes de produits finis|||VE098293|20230901|FACT CLIENT CLIENT DELTA 960305|1425,72|0,00|||20230905||
VE|Ventes|VE00069|20230901|409100|Fournisseurs - Avances et acomptes verses|||VE098293|20230901|FACT CLIENT CLIENT DELTA 960305|0,00|1425,72|||20230905||
VE|Ventes|VE00070|20230608|701000|Ventes de produits finis|||VE064305|20230608|FACT CLIENT CLIENT BETA 236823|1951,44|0,00|||20230614||
VE|Ventes|VE00070|20230608|686500|Dot. provisions pour risques et charges financiers|||VE064305|20230608|FACT CLIENT CLIENT BETA 236823|0,00|1951,44|||20230614||
VE|Ventes|VE00071|20231031|709000|Rabais, remises et ristournes accordes|||VE103009|20231031|FACT CLIENT CLIENT GAMMA 310759|1066,72|0,00|||20231101||
VE|Ventes|VE00071|20231031|445710|TVA collectee a payer|||VE103009|20231031|FACT CLIENT CLIENT GAMMA 310759|0,00|1066,72|||20231101||
VE|Ventes|VE00072|20230131|418100|Clients - Factures a etablir|||VE016518|20230131|FACT CLIENT CLIENT ALPHA 73461|122,44|0,00|||20230131||
VE|Ventes|VE00072|20230131|447100|Autres impots, taxes et versements assimiles|||VE016518|20230131|FACT CLIENT CLIENT ALPHA 73461|0,00|122,44|||20230131||
VE|Ventes|VE00073|20231011|706000|Prestations de services|||VE101559|20231011|FACT CLIENT CLIENT EPSILON 256270|1425,00|0,00|||20231018||
VE|Ventes|VE00073|20231011|665000|Escomptes accordes|||VE101559|20231011|FACT CLIENT CLIENT EPSILON 256270|0,00|1425,00|||20231018||
VE|Ventes|VE00074|20231013|416000|Clients douteux|||VE108218|20231013|FACT CLIENT CLIENT GAMMA 661995|639,84|0,00|||20231016||
VE|Ventes|VE00074|20231013|622600|Honoraires|||VE108218|20231013|FACT CLIENT CLIENT GAMMA 661995|0,00|639,84|||20231016||
VE|Ventes|VE00075|20230517|706000|Prestations de services|||VE056898|20230517|FACT CLIENT CLIENT ALPHA 49222|16,00|0,00|||20230524||
VE|Ventes|VE00075|20230517|164000|Emprunts aupres des etablissements de credit|||VE056898|20230517|FACT CLIENT CLIENT ALPHA 49222|0,00|16,00|||20230524||
VE|Ventes|VE00076|20230724|707000|Ventes de marchandises|||VE071845|20230724|FACT CLIENT CLIENT DELTA 983539|1890,51|0,00|||20230729||
VE|Ventes|VE00076|20230724|445620|TVA deductible sur immobilisations|||VE071845|20230724|FACT CLIENT CLIENT DELTA 983539|0,00|1890,51|||20230729||
VE|Ventes|VE00077|20231219|707000|Ventes de marchandises|||VE121335|20231219|FACT CLIENT CLIENT ALPHA 295754|1828,49|0,00|||20231223||
VE|Ventes|VE00077|20231219|720000|Production immobilisee|||VE121335|20231219|FACT CLIENT CLIENT ALPHA 295754|0,00|1828,49|||20231223||
VE|Ventes|VE00078|20231017|708500|Ports et frais accessoires factures|||VE106549|20231017|FACT CLIENT CLIENT GAMMA 52689|1509,78|0,00|||20231023||
VE|Ventes|VE00078|20231017|371000|Stock de marchandises|||VE106549|20231017|FACT CLIENT CLIENT GAMMA 52689|0,00|1509,78|||20231023||
VE|Ventes|VE00079|20230922|413000|Clients - Effets a recevoir|||VE094819|20230922|FACT CLIENT CLIENT EPSILON 522740|953,60|0,00|||20230927||
VE|Ventes|VE00079|20230922|445860|TVA sur factures non parvenues|||VE094819|20230922|FACT CLIENT CLIENT EPSILON 522740|0,00|953,60|||20230927||
VE|Ventes|VE00080|20230819|416000|Clients douteux|||VE084095|20230818|FACT CLIENT CLIENT BETA 47801|194,15|0,00|||20230825||
VE|Ventes|VE00080|20230818|602200|Achats de fournitures consommables|||VE084095|20230818|FACT CLIENT CLIENT BETA 47801|0,00|194,15|||20230825||
VE|Ventes|VE00081|20230110|416000|Clients douteux|||VE017484|20230110|FACT CLIENT CLIENT GAMMA 881916|310,84|0,00|||20230116||
VE|Ventes|VE00081|20230110|602260|Achats d'emballages|||VE017484|20230110|FACT CLIENT CLIENT GAMMA 881916|0,00|310,84|||20230116||
VE|Ventes|VE00082|20231207|708500|Ports et frais accessoires factures|||VE129721|20231207|FACT CLIENT CLIENT BETA 475229|432,46|0,00|||20231213||
VE|Ventes|VE00082|20231207|218200|Materiel de transport|||VE129721|20231207|FACT CLIENT CLIENT BETA 475229|0,00|432,46|||20231213||
VE|Ventes|VE00083|20230222|709000|Rabais, remises et ristournes accordes|||VE027118|20230222|FACT CLIENT CLIENT EPSILON 146298|994,20|0,00|||20230222||
VE|Ventes|VE00083|20230222|441000|Etat - Impot sur les benefices|||VE027118|20230222|FACT CLIENT CLIENT EPSILON 146298|0,00|994,20|||20230222||
VE|Ventes|VE00084|20231208|708500|Ports et frais accessoires factures|||VE126399|20231208|FACT CLIENT CLIENT DELTA 619616|1778,71|0,00|||20231212||
VE|Ventes|VE00084|20231208|437000|Autres organismes sociaux|||VE126399|20231208|FACT CLIENT CLIENT DELTA 619616|0,00|1778,71|||20231212||
VE|Ventes|VE00085|20230310|413000|Clients - Effets a recevoir|||CA041354|20230310|FACT CLIENT CLIENT ALPHA 263388|238,94|0,00|||20230313||
VE|Ventes|VE00085|20230310|421000|Personnel - Remunerations dues|||VE036799|20230310|FACT CLIENT CLIENT ALPHA 263388|0,00|238,94|||20230313||
VE|Ventes|VE00086|20230825|709000|Rabais, remises et ristournes accordes|||VE087313|20230825|FACT CLIENT CLIENT EPSILON 152985|754,17|0,00|||20230828||
VE|Ventes|VE00086|20230825|658000|Charges diverses de gestion courante|||VE087313|20230825|FACT CLIENT CLIENT EPSILON 152985|0,00|754,17|||20230828||
VE|Ventes|VE00087|20230809|419100|Clients - Avances et acomptes recus|||VE081019|20230809|FACT CLIENT CLIENT EPSILON 66751|531,13|0,00|||20230813||
VE|Ventes|VE00087|20230809|797000|Transferts de charges exceptionnelles|||VE081019|20230809|FACT CLIENT CLIENT EPSILON 66751|0,00|531,13|||20230813||
VE|Ventes|VE00088|20230711|707000|Ventes de marchandises|||VE075305|20230711|FACT CLIENT CLIENT DELTA 55423|1431,59|0,00|||20230711||
VE|Ventes|VE00088|20230711|201000|Frais d'etablissement|||VE075305|20230711|FACT CLIENT CLIENT DELTA 55423|0,00|1431,59|||20230711||
VE|Ventes|VE00089|20230131|419100|Clients - Avances et acomptes recus|||VE013812|20230131|FACT CLIENT CLIENT DELTA 207349|720,05|0,00|||20230205||
VE|Ventes|VE00089|20230131|641000|Remunerations du personnel|||VE013812|20230131|FACT CLIENT CLIENT DELTA 207349|0,00|720,05|||20230205||
VE|Ventes|VE00090|20230404|411000|Clients|C00005|CLIENT EPSILON|VE042394|20230404|FACT CLIENT CLIENT DELTA 535043|1070,07|0,00|||20230408||
VE|Ventes|VE00090|20230404|786500|Reprises sur provisions pour risques et charges financiers|||VE042394|20230404|FACT CLIENT CLIENT DELTA 535043|0,00|1070,07|||20230408||
VE|Ventes|VE00091|20231117|416000|Clients douteux|||VE112155|20231117|FACT CLIENT CLIENT BETA 609140|359,15|0,00|||20231121||
VE|Ventes|VE00091|20231117|281820|Amort. materiel de transport|||VE112155|20231117|FACT CLIENT CLIENT BETA 609140|0,00|359,15|||20231121||
VE|Ventes|VE00092|20230208|411000|Clients|C00005|CLIENT EPSILON|VE029538|20230208|FACT CLIENT CLIENT EPSILON 858082|8688,60|0,00|||20230211||
VE|Ventes|VE00092|20230208|151000|Provisions pour risques|||VE029538|20230208|FACT CLIENT CLIENT EPSILON 858082|0,00|8688,60|||20230211||
VE|Ventes|VE00093|20230609|411000|Clients|C00002|CLIENT BETA|VE065791|20230609|FACT CLIENT CLIENT BETA 335447|2001,71|0,00|||20230615||
VE|Ventes|VE00093|20230609|131800|Autres subventions d'investissement|||VE065791|20230609|FACT CLIENT CLIENT BETA 335447|0,00|2001,71|||20230615||
VE|Ventes|VE00094|20230303|707000|Ventes de marchandises|||VE034103|20230303|FACT CLIENT CLIENT ALPHA 541789|1637,40|0,00|||20230310||
VE|Ventes|VE00094|20230303|623400|Cadeaux a la clientele|||VE034103|20230303|FACT CLIENT CLIENT ALPHA 541789|0,00|1637,40|||20230310||
VE|Ventes|VE00095|20230317|709000|Rabais, remises et ristournes accordes|||VE035149|20230317|FACT CLIENT CLIENT BETA 296717|1549,90|0,00|||20230317||
VE|Ventes|VE00095|20230317|401000|Fournisseurs|F00008|TRANSPORT EXPRESS|VE035149|20230317|FACT CLIENT CLIENT BETA 296717|0,00|1549,90|||20230317||
VE|Ventes|VE00096|20230725|413000|Clients - Effets a recevoir|||VE077197|20230725|FACT CLIENT CLIENT GAMMA 161843|220,20|0,00|||20230801||
VE|Ventes|VE00096|20230725|681500|Dot. provisions pour risques et charges d'exploitation|||VE077197|20230725|FACT CLIENT CLIENT GAMMA 161843|0,00|220,20|||20230801||
VE|Ventes|VE00097|20230413|708500|Ports et frais accessoires factures|||VE041828|20230413|FACT CLIENT CLIENT BETA 543465|1706,63|0,00|||20230417||
VE|Ventes|VE00097|20230413|601000|Achats de matieres premieres|||VE041828|20230413|FACT CLIENT CLIENT BETA 543465|0,00|1706,63|||20230417||
VE|Ventes|VE00098|20230614|418100|Clients - Factures a etablir|||VE065856|20230614|FACT CLIENT CLIENT EPSILON 552746|165,45|0,00|||20230614||
VE|Ventes|VE00098|20230614|165000|Depots et cautionnements recus|||VE065856|20230614|FACT CLIENT CLIENT EPSILON 552746|0,00|165,45|||20230614||
VE|Ventes|VE00099|20231117|706000|Prestations de services|||VE112567|20231117|FACT CLIENT CLIENT EPSILON 683362|1609,79|0,00|||20231118||
VE|Ventes|VE00099|20231117|455000|Associes - Comptes courants|||VE112567|20231117|FACT CLIENT CLIENT EPSILON 683362|0,00|1609,79|||20231118||
VE|Ventes|VE00100|20231021|419100|Clients - Avances et acomptes recus|||VE104950|20231017|FACT CLIENT CLIENT BETA 808181|187,85|0,00|||20231022||
VE|Ventes|VE00100|20231017|518700|Interets courus a recevoir|||VE104950|20231017|FACT CLIENT CLIENT BETA 808181|0,00|187,85|||20231022||
VE|Ventes|VE00101|20230804|413000|Clients - Effets a recevoir|||VE088537|20230804|FACT CLIENT CLIENT DELTA 387290|955,54|0,00|||20230809||
VE|Ventes|VE00101|20230804|621000|Personnel exterieur a l'entreprise|||VE088537|20230804|FACT CLIENT CLIENT DELTA 387290|0,00|955,54|||20230809||
VE|Ventes|VE00102|20230717|413000|Clients - Effets a recevoir|||VE072591|20230717|FACT CLIENT CLIENT BETA 470586|960,70|0,00|||20230719||
VE|Ventes|VE00102|20230717|664000|Pertes sur cessions de valeurs mobilieres de placement|||VE072591|20230717|FACT CLIENT CLIENT BETA 470586|0,00|960,70|||20230719||
VE|Ventes|VE00103|20230728|419100|Clients - Avances et acomptes recus|||VE071325|20230728|FACT CLIENT CLIENT DELTA 886964|31,49|0,00|||20230730||
VE|Ventes|VE00103|20230728|445860|TVA sur factures non parvenues|||VE071325|20230728|FACT CLIENT CLIENT DELTA 886964|0,00|31,49|||20230730||
VE|Ventes|VE00104|20231201|418100|Clients - Factures a etablir|||VE129043|20231201|FACT CLIENT CLIENT DELTA 404708|657,95|0,00|||20231202||
VE|Ventes|VE00104|20231201|606100|Electricite, gaz, eau|||VE129043|20231201|FACT CLIENT CLIENT DELTA 404708|0,00|657,95|||20231202||
VE|Ventes|VE00105|20230905|708500|Ports et frais accessoires factures|||VE097746|20230905|FACT CLIENT CLIENT BETA 96494|205,33|0,00|||20230906||
VE|Ventes|VE00105|20230905|651000|Redevances pour concessions, brevets, licences, etc.|||VE097746|20230905|FACT CLIENT CLIENT BETA 96494|0,00|205,33|||20230906||
VE|Ventes|VE00106|20230707|419100|Clients - Avances et acomptes recus|||VE076119|20230707|FACT CLIENT CLIENT GAMMA 903552|780,84|0,00|||20230712||
VE|Ventes|VE00106|20230707|401000|Fournisseurs|F00006|MAINTENANCE PRO|VE076119|20230707|FACT CLIENT CLIENT GAMMA 903552|0,00|780,84|||20230712||
VE|Ventes|VE00107|20230803|708500|Ports et frais accessoires factures|||VE087624|20230803|FACT CLIENT CLIENT GAMMA 709400|549,47|0,00|||20230808||
VE|Ventes|VE00107|20230803|602100|Achats de matieres consommables|||VE087624|20230803|FACT CLIENT CLIENT GAMMA 709400|0,00|549,47|||20230808||
VE|Ventes|VE00108|20231225|707000|Ventes de marchandises|||VE121717|20231225|FACT CLIENT CLIENT DELTA 717912|1098,43|0,00|||20231227||
VE|Ventes|VE00108|20231225|781740|Reprises sur provisions sur creances|||VE121717|20231225|FACT CLIENT CLIENT DELTA 717912|0,00|1098,43|||20231227||
VE|Ventes|VE00109|20231027|701000|Ventes de produits finis|||VE101525|20231027|FACT CLIENT CLIENT BETA 354311|1069,85|0,00|||20231101||
VE|Ventes|VE00109|20231027|427000|Personnel - Oppositions|||VE101525|20231027|FACT CLIENT CLIENT BETA 354311|0,00|1069,85|||20231101||
VE|Ventes|VE00110|20230427|419100|Clients - Avances et acomptes recus|||VE041320|20230427|FACT CLIENT CLIENT BETA 671932|441,02|0,00|||20230501||
VE|Ventes|VE00110|20230427|786500|Reprises sur provisions pour risques et charges financiers|||VE041320|20230427|FACT CLIENT CLIENT BETA 671932|0,00|441,02|||20230501||
VE|Ventes|VE00111|20230712|411000|Clients|C00008|CLIENT THETA|VE077061|20230712|FACT CLIENT CLIENT ALPHA 753193|2600,45|0,00|||20230712||
VE|Ventes|VE00111|20230712|798000|Integration fiscale - Produits|||VE077061|20230712|FACT CLIENT CLIENT ALPHA 753193|0,00|2600,45|||20230712||
VE|Ventes|VE00112|20230102|709000|Rabais, remises et ristournes accordes|||VE015786|20230102|FACT CLIENT CLIENT GAMMA 526122|146,46|0,00|||20230103||
VE|Ventes|VE00112|20230102|695000|Impots sur les benefices|||VE015786|20230102|FACT CLIENT CLIENT GAMMA 526122|0,00|146,46|||20230103||
VE|Ventes|VE00113|20230518|418100|Clients - Factures a etablir|||VE058253|20230518|FACT CLIENT CLIENT EPSILON 92528|776,63|0,00|||20230521||
VE|Ventes|VE00113|20230518|666000|Pertes de change|||VE058253|20230518|FACT CLIENT CLIENT EPSILON 92528|0,00|776,63|||20230521||
VE|Ventes|VE00114|20230106|416000|Clients douteux|||VE016795|20230106|FACT CLIENT CLIENT ALPHA 216077|660,12|0,00|||20230107||
VE|Ventes|VE00114|20230106|508000|Interets courus sur VMP|||VE016795|20230106|FACT CLIENT CLIENT ALPHA 216077|0,00|660,12|||20230107||
VE|Ventes|VE00115|20230605|411000|Clients|C00001|CLIENT ALPHA|VE069656|20230605|FACT CLIENT CLIENT EPSILON 1|6138,72|0,00|||20230609||
VE|Ventes|VE00115|20230605|798000|Integration fiscale - Produits|||VE069656|20230605|FACT CLIENT CLIENT EPSILON 1|0,00|6138,72|||20230609||
VE|Ventes|VE00116|20230119|706000|Prestations de services|||VE016627|20230119|FACT CLIENT CLIENT GAMMA 705539|217,85|0,00|||20230120||
VE|Ventes|VE00116|20230119|622700|Frais d'actes et de contentieux|||VE016627|20230119|FACT CLIENT CLIENT GAMMA 705539|0,00|217,85|||20230120||
VE|Ventes|VE00117|20230310|709000|Rabais, remises et ristournes accordes|||VE033365|20230310|FACT CLIENT CLIENT EPSILON 839770|861,74|0,00|||20230317||
VE|Ventes|VE00117|20230310|218100|Installations generales, agencements divers|||VE033365|20230310|FACT CLIENT CLIENT EPSILON 839770|0,00|861,74|||20230317||
VE|Ventes|VE00118|20231229|418100|Clients - Factures a etablir|||VE128294|20231229|FACT CLIENT CLIENT BETA 658314|96,59|0,00|||20231229||
VE|Ventes|VE00118|20231229|665000|Escomptes accordes|||VE128294|20231229|FACT CLIENT CLIENT BETA 658314|0,00|96,59|||20231229||
VE|Ventes|VE00119|20230920|411000|Clients|C00003|CLIENT GAMMA|VE091922|20230920|FACT CLIENT CLIENT GAMMA 789286|1674,39|0,00|||20230926||
VE|Ventes|VE00119|20230920|706000|Prestations de services|||VE091922|20230920|FACT CLIENT CLIENT GAMMA 789286|0,00|1674,39|||20230926||
VE|Ventes|VE00120|20230606|411000|Clients|C00007|CLIENT ETA|VE066987|20230606|FACT CLIENT CLIENT BETA 968532|2413,29|0,00|||20230607||
VE|Ventes|VE00120|20230606|413000|Clients - Effets a recevoir|||VE066987|20230606|FACT CLIENT CLIENT BETA 968532|0,00|2413,29|||20230607||
VE|Ventes|VE00121|20230202|701000|Ventes de produits finis|||VE025087|20230202|FACT CLIENT CLIENT EPSILON 450112|86,33|0,00|||20230208||
VE|Ventes|VE00121|20230202|665000|Escomptes accordes|||VE025087|20230202|FACT CLIENT CLIENT EPSILON 450112|0,00|86,33|||20230208||
VE|Ventes|VE00122|20231110|419100|Clients - Avances et acomptes recus|||VE111840|20231110|FACT CLIENT CLIENT DELTA 987857|443,33|0,00|||20231113||
VE|Ventes|VE00122|20231110|751000|Redevances pour concessions, brevets, licences, etc.|||VE111840|20231110|FACT CLIENT CLIENT DELTA 987857|0,00|443,33|||20231113||
VE|Ventes|VE00123|20230619|708500|Ports et frais accessoires factures|||VE065534|20230619|FACT CLIENT CLIENT GAMMA 527761|1226,77|0,00|||20230620||
VE|Ventes|VE00123|20230619|409100|Fournisseurs - Avances et acomptes verses|||VE065534|20230619|FACT CLIENT CLIENT GAMMA 527761|0,00|1226,77|||20230620||
VE|Ventes|VE00124|20230616|418100|Clients - Factures a etablir|||VE068288|20230616|FACT CLIENT CLIENT GAMMA 368871|348,01|0,00|||20230622||
VE|Ventes|VE00124|20230616|165000|Depots et cautionnements recus|||VE068288|20230616|FACT CLIENT CLIENT GAMMA 368871|0,00|348,01|||20230622||
VE|Ventes|VE00125|20230915|706000|Prestations de services|||VE093484|20230915|FACT CLIENT CLIENT DELTA 986928|254,97|0,00|||20230918||
VE|Ventes|VE00125|20230915|201000|Frais d'etablissement|||VE093484|20230915|FACT CLIENT CLIENT DELTA 986928|0,00|254,97|||20230918||
VE|Ventes|VE00126|20230113|701000|Ventes de produits finis|||VE018484|20230113|FACT CLIENT CLIENT ALPHA 952625|637,53|0,00|||20230118||
VE|Ventes|VE00126|20230113|151000|Provisions pour risques|||VE018484|20230113|FACT CLIENT CLIENT ALPHA 952625|0,00|637,53|||20230118||
VE|Ventes|VE00127|20230308|413000|Clients - Effets a recevoir|||VE038082|20230308|FACT CLIENT CLIENT GAMMA 253158|832,73|0,00|||20230312||
VE|Ventes|VE00127|20230311|409100|Fournisseurs - Avances et acomptes verses|||VE038082|20230308|FACT CLIENT CLIENT GAMMA 253158|0,00|832,73|||20230312||
VE|Ventes|VE00128|20230412|707000|Ventes de marchandises|||VE047984|20230412|FACT CLIENT CLIENT GAMMA 102489|1619,22|0,00|||20230414||
VE|Ventes|VE00128|20230412|441000|Etat - Impot sur les benefices|||VE047984|20230412|FACT CLIENT CLIENT GAMMA 102489|0,00|1619,22|||20230414||
VE|Ventes|VE00129|20230210|708500|Ports et frais accessoires factures|||VE025683|20230210|FACT CLIENT CLIENT DELTA 278094|1557,41|0,00|||20230213||
VE|Ventes|VE00129|20230210|213500|Installations generales, agencements|||VE025683|20230210|FACT CLIENT CLIENT DELTA 278094|0,00|1557,41|||20230213||
VE|Ventes|VE00130|20230922|706000|Prestations de services|||VE091998|20230922|FACT CLIENT CLIENT DELTA 142589|343,23|0,00|||20230928||
VE|Ventes|VE00130|20230922|500000|Valeurs mobilieres de placement|||VE091998|20230922|FACT CLIENT CLIENT DELTA 142589|0,00|343,23|||20230928||
VE|Ventes|VE00131|20230609|706000|Prestations de services|||VE064571|20230609|FACT CLIENT CLIENT EPSILON 672757|1732,53|0,00|||20230610||
VE|Ventes|VE00131|20230609|625600|Missions|||VE064571|20230609|FACT CLIENT CLIENT EPSILON 672757|0,00|1732,53|||20230610||
VE|Ventes|VE00132|20230518|418100|Clients - Factures a etablir|||VE053502|20230518|FACT CLIENT CLIENT BETA 651398|116,79|0,00|||20230523||
VE|Ventes|VE00132|20230518|580000|Virements internes|||VE053502|20230518|FACT CLIENT CLIENT BETA 651398|0,00|116,79|||20230523||
VE|Ventes|VE00133|20230515|701000|Ventes de produits finis|||VE056719|20230515|FACT CLIENT CLIENT ALPHA 109717|364,54|0,00|||20230516||
VE|Ventes|VE00133|20230515|213100|Constructions - Batiments|||VE056719|20230515|FACT CLIENT CLIENT ALPHA 109717|0,00|364,54|||20230516||
VE|Ventes|VE00134|20230928|701000|Ventes de produits finis|||VE091781|20230928|FACT CLIENT CLIENT GAMMA 648083|352,15|0,00|||20231005||
VE|Ventes|VE00134|20230928|428200|Personnel - Conges payes|||VE091781|20230928|FACT CLIENT CLIENT GAMMA 648083|0,00|352,15|||20231005||
VE|Ventes|VE00135|20230724|413000|Clients - Effets a recevoir|||VE074963|20230724|FACT CLIENT CLIENT GAMMA 586068|556,70|0,00|||20230724||
VE|Ventes|VE00135|20230724|616000|Primes d'assurance|||VE074963|20230724|FACT CLIENT CLIENT GAMMA 586068|0,00|556,70|||20230724||
VE|Ventes|VE00136|20230923|708500|Ports et frais accessoires factures|||VE091394|20230921|FACT CLIENT CLIENT ALPHA 287103|1921,85|0,00|||20230921||
VE|Ventes|VE00136|20230921|512000|Banque principale|||VE091394|20230921|FACT CLIENT CLIENT ALPHA 287103|0,00|1921,85|||20230921||
VE|Ventes|VE00137|20230222|708500|Ports et frais accessoires factures|||VE028179|20230222|FACT CLIENT CLIENT ALPHA 155059|1567,91|0,00|||20230225||
VE|Ventes|VE00137|20230222|281840|Amort. mobilier|||VE028179|20230222|FACT CLIENT CLIENT ALPHA 155059|0,00|1567,91|||20230225||
VE|Ventes|VE00138|20230410|709000|Rabais, remises et ristournes accordes|||VE042974|20230410|FACT CLIENT CLIENT GAMMA 50166|669,98|0,00|||20230411||
VE|Ventes|VE00138|20230410|451000|Groupe|||VE042974|20230410|FACT CLIENT CLIENT GAMMA 50166|0,00|669,98|||20230411||
VE|Ventes|VE00139|20230728|701000|Ventes de produits finis|||VE074196|20230728|FACT CLIENT CLIENT EPSILON 494000|1785,25|0,00|||20230731||
VE|Ventes|VE00139|20230728|607000|Achats de marchandises|||VE074196|20230728|FACT CLIENT CLIENT EPSILON 494000|0,00|1785,25|||20230731||
VE|Ventes|VE00140|20230512|701000|Ventes de produits finis|||VE058937|20230512|FACT CLIENT CLIENT ALPHA 40161|1785,60|0,00|||20230517||
VE|Ventes|VE00140|20230512|468600|Charges a payer|||VE058937|20230512|FACT CLIENT CLIENT ALPHA 40161|0,00|1785,60|||20230517||
VE|Ventes|VE00141|20230221|419100|Clients - Avances et acomptes recus|||VE025695|20230221|FACT CLIENT CLIENT BETA 399346|103,93|0,00|||20230221||
VE|Ventes|VE00141|20230221|798000|Integration fiscale - Produits|||VE025695|20230221|FACT CLIENT CLIENT BETA 399346|0,00|103,93|||20230221||
VE|Ventes|VE00142|20230329|416000|Clients douteux|||VE035336|20230329|FACT CLIENT CLIENT DELTA 965867|633,86|0,00|||20230402||
VE|Ventes|VE00142|20230329|512000|Banque principale|||VE035336|20230329|FACT CLIENT CLIENT DELTA 965867|0,00|633,86|||20230402||
VE|Ventes|VE00143|20231009|418100|Clients - Factures a etablir|||VE102277|20231009|FACT CLIENT CLIENT DELTA 722608|868,86|0,00|||20231012||
VE|Ventes|VE00143|20231009|661000|Charges d'interets|||VE102277|20231009|FACT CLIENT CLIENT DELTA 722608|0,00|868,86|||20231012||
VE|Ventes|VE00144|20230314|419100|Clients - Avances et acomptes recus|||VE033441|20230314|FACT CLIENT CLIENT BETA 957569|699,61|0,00|||20230320||
VE|Ventes|VE00144|20230314|641000|Remunerations du personnel|||VE033441|20230314|FACT CLIENT CLIENT BETA 957569|0,00|699,61|||20230320||
VE|Ventes|VE00145|20230330|706000|Prestations de services|||VE035103|20230330|FACT CLIENT CLIENT BETA 741330|1861,03|0,00|||20230402||
VE|Ventes|VE00145|20230330|467000|Autres comptes debiteurs ou crediteurs|||VE035103|20230330|FACT CLIENT CLIENT BETA 741330|0,00|1861,03|||20230402||
VE|Ventes|VE00146|20230407|706000|Prestations de services|||VE045240|20230407|FACT CLIENT CLIENT EPSILON 177514|1664,61|0,00|||20230407||
VE|Ventes|VE00146|20230407|215400|Materiel industriel|||VE045240|20230407|FACT CLIENT CLIENT EPSILON 177514|0,00|1664,61|||20230407||
VE|Ventes|VE00147|20230203|701000|Ventes de produits finis|||VE028994|20230203|FACT CLIENT CLIENT EPSILON 919682|503,96|0,00|||20230206||
VE|Ventes|VE00147|20230203|164000|Emprunts aupres des etablissements de credit|||VE028994|20230203|FACT CLIENT CLIENT EPSILON 919682|0,00|503,96|||20230206||
VE|Ventes|VE00148|20230505|411000|Clients|C00003|CLIENT GAMMA|VE059845|20230505|FACT CLIENT CLIENT DELTA 535808|8690,17|0,00|||20230508||
VE|Ventes|VE00148|20230505|416000|Clients douteux|||VE059845|20230505|FACT CLIENT CLIENT DELTA 535808|0,00|8690,17|||20230508||
VE|Ventes|VE00149|20230512|418100|Clients - Factures a etablir|||VE057048|20230512|FACT CLIENT CLIENT DELTA 27047|427,16|0,00|||20230514||
VE|Ventes|VE00149|20230512|631000|Impots, taxes et versements assimiles sur remunerations|||VE057048|20230512|FACT CLIENT CLIENT DELTA 27047|0,00|427,16|||20230514||
VE|Ventes|VE00150|20230207|706000|Prestations de services|||VE024764|20230207|FACT CLIENT CLIENT DELTA 935136|605,96|0,00|||20230214||
VE|Ventes|VE00150|20230207|281350|Amort. installations generales|||VE024764|20230207|FACT CLIENT CLIENT DELTA 935136|0,00|605,96|||20230214||
VE|Ventes|VE00151|20230830|418100|Clients - Factures a etablir|||VE087808|20230830|FACT CLIENT CLIENT ALPHA 893702|931,72|0,00|||20230902||
VE|Ventes|VE00151|20230830|798000|Integration fiscale - Produits|||VE087808|20230830|FACT CLIENT CLIENT ALPHA 893702|0,00|931,72|||20230902||
VE|Ventes|VE00152|20230221|416000|Clients douteux|||VE028298|20230221|FACT CLIENT CLIENT DELTA 8612|63,98|0,00|||20230224||
VE|Ventes|VE00152|20230221|421000|Personnel - Remunerations dues|||VE028298|20230221|FACT CLIENT CLIENT DELTA 8612|0,00|63,98|||20230224||
VE|Ventes|VE00153|20230417|413000|Clients - Effets a recevoir|||VE049949|20230417|FACT CLIENT CLIENT DELTA 281402|762,91|0,00|||20230417||
VE|Ventes|VE00153|20230417|641000|Remunerations du personnel|||VE049949|20230417|FACT CLIENT CLIENT DELTA 281402|0,00|762,91|||20230417||
VE|Ventes|VE00154|20231201|411000|Clients|C00004|CLIENT DELTA|VE123493|20231201|FACT CLIENT CLIENT BETA 546620|7278,00|0,00|||20231206||
VE|Ventes|VE00154|20231201|666000|Pertes de change|||VE123493|20231201|FACT CLIENT CLIENT BETA 546620|0,00|7278,00|||20231206||
VE|Ventes|VE00155|20230214|706000|Prestations de services|||OD054550|20230214|FACT CLIENT CLIENT ALPHA 58933|954,63|0,00|||20230218||
VE|Ventes|VE00155|20230214|606400|Fournitures administratives|||VE024499|20230214|FACT CLIENT CLIENT ALPHA 58933|0,00|954,63|||20230218||
VE|Ventes|VE00156|20230804|413000|Clients - Effets a recevoir|||VE089778|20230804|FACT CLIENT CLIENT EPSILON 989335|341,63|0,00|||20230808||
VE|Ventes|VE00156|20230804|651000|Redevances pour concessions, brevets, licences, etc.|||VE089778|20230804|FACT CLIENT CLIENT EPSILON 989335|0,00|341,63|||20230808||
VE|Ventes|VE00157|20231218|701000|Ventes de produits finis|||VE122233|20231218|FACT CLIENT CLIENT EPSILON 886931|1602,83|0,00|||20231218||
VE|Ventes|VE00157|20231218|651000|Redevances pour concessions, brevets, licences, etc.|||VE122233|20231218|FACT CLIENT CLIENT EPSILON 886931|0,00|1602,83|||20231218||
VE|Ventes|VE00158|20231215|416000|Clients douteux|||VE126492|20231215|FACT CLIENT CLIENT DELTA 314334|614,08|0,00|||20231222||
VE|Ventes|VE00158|20231215|625100|Voyages et deplacements|||VE126492|20231215|FACT CLIENT CLIENT DELTA 314334|0,00|614,08|||20231222||
VE|Ventes|VE00159|20231108|708500|Ports et frais accessoires factures|||VE112226|20231108|FACT CLIENT CLIENT GAMMA 852110|117,63|0,00|||20231115||
VE|Ventes|VE00159|20231108|471000|Compte d'attente|||VE112226|20231108|FACT CLIENT CLIENT GAMMA 852110|0,00|117,63|||20231115||
VE|Ventes|VE00160|20230106|706000|Prestations de services|||VE018455|20230106|FACT CLIENT CLIENT ALPHA 697895|284,37|0,00|||20230111||
VE|Ventes|VE00160|20230106|720000|Production immobilisee|||VE018455|20230106|FACT CLIENT CLIENT ALPHA 697895|0,00|284,37|||20230111||
VE|Ventes|VE00161|20230126|708500|Ports et frais accessoires factures|||VE017722|20230126|FACT CLIENT CLIENT ALPHA 577864|450,89|0,00|||20230126||
VE|Ventes|VE00161|20230126|445510|TVA a decaisser|||VE017722|20230126|FACT CLIENT CLIENT ALPHA 577864|0,00|450,89|||20230126||
VE|Ventes|VE00162|20230526|708500|Ports et frais accessoires factures|||VE057470|20230526|FACT CLIENT CLIENT ALPHA 857816|1716,50|0,00|||20230531||
VE|Ventes|VE00162|20230526|626000|Frais postaux et de telecommunications|||VE057470|20230526|FACT CLIENT CLIENT ALPHA 857816|0,00|1716,50|||20230531||
VE|Ventes|VE00163|20231006|706000|Prestations de services|||VE107811|20231006|FACT CLIENT CLIENT ALPHA 687485|290,07|0,00|||20231012||
VE|Ventes|VE00163|20231006|281830|Amort. materiel de bureau|||VE107811|20231006|FACT CLIENT CLIENT ALPHA 687485|0,00|290,07|||20231012||
VE|Ventes|VE00164|20230120|708500|Ports et frais accessoires factures|||VE019968|20230120|FACT CLIENT CLIENT BETA 477405|1513,05|0,00|||20230124||
VE|Ventes|VE00164|20230120|403000|Fournisseurs - Effets a payer|||VE019968|20230120|FACT CLIENT CLIENT BETA 477405|0,00|1513,05|||20230124||
VE|Ventes|VE00165|20230607|419100|Clients - Avances et acomptes recus|||VE063636|20230607|FACT CLIENT CLIENT GAMMA 837250|293,45|0,00|||20230607||
VE|Ventes|VE00165|20230607|421000|Personnel - Remunerations dues|||VE063636|20230607|FACT CLIENT CLIENT GAMMA 837250|0,00|293,45|||20230607||
VE|Ventes|VE00166|20230127|418100|Clients - Factures a etablir|||VE016758|20230127|FACT CLIENT CLIENT BETA 818235|827,75|0,00|||20230127||
VE|Ventes|VE00166|20230127|709000|Rabais, remises et ristournes accordes|||VE016758|20230127|FACT CLIENT CLIENT BETA 818235|0,00|827,75|||20230127||
VE|Ventes|VE00167|20230607|416000|Clients douteux|||VE064706|20230607|FACT CLIENT CLIENT DELTA 586337|162,34|0,00|||20230614||
VE|Ventes|VE00167|20230607|791000|Transferts de charges d'exploitation|||VE064706|20230607|FACT CLIENT CLIENT DELTA 586337|0,00|162,34|||20230614||
VE|Ventes|VE00168|20231113|418100|Clients - Factures a etablir|||VE111820|20231113|FACT CLIENT CLIENT ALPHA 440767|293,07|0,00|||20231116||
VE|Ventes|VE00168|20231113|455000|Associes - Comptes courants|||VE111820|20231113|FACT CLIENT CLIENT ALPHA 440767|0,00|293,07|||20231116||
VE|Ventes|VE00169|20230413|411000|Clients|C00010|CLIENT KAPPA|VE045747|20230413|FACT CLIENT CLIENT GAMMA 343759|4033,26|0,00|||20230414||
VE|Ventes|VE00169|20230413|438200|Charges sociales sur conges a payer|||VE045747|20230413|FACT CLIENT CLIENT GAMMA 343759|0,00|4033,26|||20230414||
VE|Ventes|VE00170|20230131|416000|Clients douteux|||VE018411|20230131|FACT CLIENT CLIENT BETA 902573|936,48|0,00|||20230207||
VE|Ventes|VE00170|20230131|165000|Depots et cautionnements recus|||VE018411|20230131|FACT CLIENT CLIENT BETA 902573|0,00|936,48|||20230207||
VE|Ventes|VE00171|20231019|413000|Clients - Effets a recevoir|||VE107535|20231019|FACT CLIENT CLIENT BETA 238783|59,68|0,00|||20231022||
VE|Ventes|VE00171|20231019|740000|Subventions d'exploitation|||VE107535|20231019|FACT CLIENT CLIENT BETA 238783|0,00|59,68|||20231022||
VE|Ventes|VE00172|20230109|701000|Ventes de produits finis|||VE014297|20230109|FACT CLIENT CLIENT BETA 328941|1490,35|0,00|||20230114||
VE|Ventes|VE00172|20230109|658000|Charges diverses de gestion courante|||VE014297|20230109|FACT CLIENT CLIENT BETA 328941|0,00|1490,35|||20230114||
VE|Ventes|VE00173|20231103|701000|Ventes de produits finis|||VE118840|20231103|FACT CLIENT CLIENT DELTA 779902|497,04|0,00|||20231106||
VE|Ventes|VE00173|20231103|404000|Fournisseurs d'immobilisations|||VE118840|20231103|FACT CLIENT CLIENT DELTA 779902|0,00|497,04|||20231106||
VE|Ventes|VE00174|20230621|709000|Rabais, remises et ristournes accordes|||VE069716|20230621|FACT CLIENT CLIENT EPSILON 420622|641,81|0,00|||20230625||
VE|Ventes|VE00174|20230621|518700|Interets courus a recevoir|||VE069716|20230621|FACT CLIENT CLIENT EPSILON 420622|0,00|641,81|||20230625||
VE|Ventes|VE00175|20230113|418100|Clients - Factures a etablir|||VE017811|20230113|FACT CLIENT CLIENT EPSILON 763039|225,32|0,00|||20230118||
VE|Ventes|VE00175|20230113|606800|Autres matieres et fournitures|||VE017811|20230113|FACT CLIENT CLIENT EPSILON 763039|0,00|225,32|||20230118||
VE|Ventes|VE00176|20230804|416000|Clients douteux|||VE086264|20230804|FACT CLIENT CLIENT GAMMA 944256|983,60|0,00|||20230804||
VE|Ventes|VE00176|20230804|409100|Fournisseurs - Avances et acomptes verses|||VE086264|20230804|FACT CLIENT CLIENT GAMMA 944256|0,00|983,60|||20230804||
VE|Ventes|VE00177|20231024|416000|Clients douteux|||VE108881|20231024|FACT CLIENT CLIENT GAMMA 132800|108,61|0,00|||20231029||
VE|Ventes|VE00177|20231024|651000|Redevances pour concessions, brevets, licences, etc.|||VE108881|20231024|FACT CLIENT CLIENT GAMMA 132800|0,00|108,61|||20231029||
VE|Ventes|VE00178|20230621|701000|Ventes de produits finis|||VE063412|20230621|FACT CLIENT CLIENT ALPHA 610784|1068,47|0,00|||20230625||
VE|Ventes|VE00178|20230621|404000|Fournisseurs d'immobilisations|||VE063412|20230621|FACT CLIENT CLIENT ALPHA 610784|0,00|1068,47|||20230625||
VE|Ventes|VE00179|20230216|708500|Ports et frais accessoires factures|||VE024485|20230216|FACT CLIENT CLIENT EPSILON 192473|286,68|0,00|||20230222||
VE|Ventes|VE00179|20230216|106100|Reserve legale|||VE024485|20230216|FACT CLIENT CLIENT EPSILON 192473|0,00|286,68|||20230222||
VE|Ventes|VE00180|20230608|709000|Rabais, remises et ristournes accordes|||VE067929|20230608|FACT CLIENT CLIENT GAMMA 934744|1106,57|0,00|||20230613||
VE|Ventes|VE00180|20230608|614000|Charges locatives|||VE067929|20230608|FACT CLIENT CLIENT GAMMA 934744|0,00|1106,57|||20230613||
VE|Ventes|VE00181|20230314|413000|Clients - Effets a recevoir|||VE036958|20230314|FACT CLIENT CLIENT EPSILON 785315|235,88|0,00|||20230318||
VE|Ventes|VE00181|20230314|635000|Autres impots, taxes et versements assimiles|||VE036958|20230314|FACT CLIENT CLIENT EPSILON 785315|0,00|235,88|||20230318||
VE|Ventes|VE00182|20231103|709000|Rabais, remises et ristournes accordes|||VE118761|20231103|FACT CLIENT CLIENT EPSILON 132455|1885,20|0,00|||20231107||
VE|Ventes|VE00182|20231104|404000|Fournisseurs d'immobilisations|||VE118761|20231103|FACT CLIENT CLIENT EPSILON 132455|0,00|1885,20|||20231107||
VE|Ventes|VE00183|20230130|708500|Ports et frais accessoires factures|||VE017660|20230130|FACT CLIENT CLIENT BETA 287354|459,95|0,00|||20230205||
VE|Ventes|VE00183|20230130|580000|Virements internes|||VE017660|20230130|FACT CLIENT CLIENT BETA 287354|0,00|459,95|||20230205||
VE|Ventes|VE00184|20231103|411000|Clients|C00010|CLIENT KAPPA|VE112376|20231103|FACT CLIENT CLIENT DELTA 488354|5705,90|0,00|||20231104||
VE|Ventes|VE00184|20231103|661000|Charges d'interets|||VE112376|20231103|FACT CLIENT CLIENT DELTA 488354|0,00|5705,90|||20231104||
VE|Ventes|VE00185|20230707|413000|Clients - Effets a recevoir|||VE075846|20230707|FACT CLIENT CLIENT DELTA 128083|952,31|0,00|||20230707||
VE|Ventes|VE00185|20230707|281830|Amort. materiel de bureau|||VE075846|20230707|FACT CLIENT CLIENT DELTA 128083|0,00|952,31|||20230707||
VE|Ventes|VE00186|20230808|413000|Clients - Effets a recevoir|||VE082336|20230808|FACT CLIENT CLIENT EPSILON 998495|491,91|0,00|||20230815||
VE|Ventes|VE00186|20230808|131800|Autres subventions d'investissement|||VE082336|20230808|FACT CLIENT CLIENT EPSILON 998495|0,00|491,91|||20230815||
VE|Ventes|VE00187|20230913|411000|Clients|C00007|CLIENT ETA|VE093988|20230913|FACT CLIENT CLIENT DELTA 942272|999,40|0,00|||20230920||
VE|Ventes|VE00187|20230913|281810|Amort. installations generales|||VE093988|20230913|FACT CLIENT CLIENT DELTA 942272|0,00|999,40|||20230920||
VE|Ventes|VE00188|20230901|708500|Ports et frais accessoires factures|||VE099611|20230901|FACT CLIENT CLIENT EPSILON 542238|1118,04|0,00|||20230907||
VE|Ventes|VE00188|20230901|765000|Escomptes obtenus|||VE099611|20230901|FACT CLIENT CLIENT EPSILON 542238|0,00|1118,04|||20230907||
VE|Ventes|VE00189|20230509|419100|Clients - Avances et acomptes recus|||VE057814|20230509|FACT CLIENT CLIENT ALPHA 760|706,10|0,00|||20230515||
VE|Ventes|VE00189|20230509|606300|Fournitures d'entretien et petit equipement|||VE057814|20230509|FACT CLIENT CLIENT ALPHA 760|0,00|706,10|||20230515||
VE|Ventes|VE00190|20230529|416000|Clients douteux|||VE053058|20230529|FACT CLIENT CLIENT GAMMA 795123|172,55|0,00|||20230531||
VE|Ventes|VE00190|20230529|205000|Logiciels|||VE053058|20230529|FACT CLIENT CLIENT GAMMA 795123|0,00|172,55|||20230531||
VE|Ventes|VE00191|20231205|708500|Ports et frais accessoires factures|||VE124041|20231205|FACT CLIENT CLIENT EPSILON 363075|1293,69|0,00|||20231211||
VE|Ventes|VE00191|20231205|471000|Compte d'attente|||VE124041|20231205|FACT CLIENT CLIENT EPSILON 363075|0,00|1293,69|||20231211||
VE|Ventes|VE00192|20230830|419100|Clients - Avances et acomptes recus|||VE089747|20230830|FACT CLIENT CLIENT BETA 506431|382,08|0,00|||20230831||
VE|Ventes|VE00192|20230830|781500|Reprises sur provisions pour risques et charges d'exploitation|||VE089747|20230830|FACT CLIENT CLIENT BETA 506431|0,00|382,08|||20230831||
