JournalCode|JournalLib|EcritureNum|EcritureDate|CompteNum|CompteLib|CompAuxNum|CompAuxLib|PieceRef|PieceDate|EcritureLib|Debit|Credit|EcritureLet|DateLet|ValidDate|Montantdevise|Idevise
AC|Achats|AC00001|20230303|607000|Achats de marchandises|||AC037190|20230303|FACT 250103 DALKIA FRANCE|296,07|0,00|||20230310||
AC|Achats|AC00001|20230303|447100|Autres impots, taxes et versements assimiles|||AC037190|20230303|FACT 250103 DALKIA FRANCE|0,00|296,07|||20230310||
AC|Achats|AC00002|20230221|623000|Publicite, publications, relations publiques|||AC027794|20230221|FACT 250227 ELECTRICITE DE FRANCE|387,88|0,00|||20230227||
AC|Achats|AC00002|20230221|447100|Autres impots, taxes et versements assimiles|||AC027794|20230221|FACT 250227 ELECTRICITE DE FRANCE|0,00|387,88|||20230227||
AC|Achats|AC00003|20230512|621000|Personnel exterieur a l'entreprise|||AC052070|20230512|FACT 250224 ELECTRICITE DE FRANCE|1682,25|0,00|||20230512||
AC|Achats|AC00003|20230512|445670|TVA collectee|||AC052070|20230512|FACT 250224 ELECTRICITE DE FRANCE|0,00|1682,25|||20230512||
AC|Achats|AC00004|20230317|621000|Personnel exterieur a l'entreprise|||AC035604|20230317|FACT 250203 FOURNITURES BUREAU|208,23|0,00|||20230317||
AC|Achats|AC00004|20230317|508000|Interets courus sur VMP|||AC035604|20230317|FACT 250203 FOURNITURES BUREAU|0,00|208,23|||20230317||
AC|Achats|AC00005|20230512|625600|Missions|||AC051147|20230512|FACT 250123 PAPETERIE EXPRESS|1510,26|0,00|||20230516||
AC|Achats|AC00005|20230512|419100|Clients - Avances et acomptes recus|||AC051147|20230512|FACT 250123 PAPETERIE EXPRESS|0,00|1510,26|||20230516||
AC|Achats|AC00006|20230720|625600|Missions|||AC072894|20230720|FACT 250108 DALKIA FRANCE|1887,03|0,00|||20230726||
AC|Achats|AC00006|20230720|401000|Fournisseurs|F00008|TRANSPORT EXPRESS|AC072894|20230720|FACT 250108 DALKIA FRANCE|0,00|1887,03|||20230726||
AC|Achats|AC00007|20231101|602100|Achats de matieres consommables|||AC117523|20231101|FACT 250112 FOURNITURES BUREAU|1468,01|0,00|||20231108||
AC|Achats|AC00007|20231104|437000|Autres organismes sociaux|||AC117523|20231101|FACT 250112 FOURNITURES BUREAU|0,00|1468,01|||20231108||
AC|Achats|AC00008|20230921|625700|Receptions|||AC093665|20230921|FACT 250205 DALKIA FRANCE|1704,52|0,00|||20230926||
AC|Achats|AC00008|20230921|512100|Banque secondaire|||AC093665|20230921|FACT 250205 DALKIA FRANCE|0,00|1704,52|||20230926||
AC|Achats|AC00009|20230819|623400|Cadeaux a la clientele|||AC087259|20230816|FACT 250203 TELECOM SAS|1601,86|0,00|||20230816||
AC|Achats|AC00009|20230816|425000|Personnel - Avances et acomptes|||AC087259|20230816|FACT 250203 TELECOM SAS|0,00|1601,86|||20230816||
AC|Achats|AC00010|20231020|627000|Services bancaires et assimiles|||AC104708|20231020|FACT 250215 TELECOM SAS|89,90|0,00|||20231022||
AC|Achats|AC00010|20231020|438200|Charges sociales sur conges a payer|||AC104708|20231020|FACT 250215 TELECOM SAS|0,00|89,90|||20231022||
AC|Achats|AC00011|20230310|622600|Honoraires|||AC036177|20230310|FACT 250209 DALKIA FRANCE|1392,46|0,00|||20230314||
AC|Achats|AC00011|20230310|445710|TVA collectee a payer|||AC036177|20230310|FACT 250209 DALKIA FRANCE|0,00|1392,46|||20230314||
AC|Achats|AC00012|20230303|627000|Services bancaires et assimiles|||AC033347|20230303|FACT 250102 DALKIA FRANCE|221,64|0,00|||20230309||
AC|Achats|AC00012|20230303|500000|Valeurs mobilieres de placement|||AC033347|20230303|FACT 250102 DALKIA FRANCE|0,00|221,64|||20230309||
AC|Achats|AC00013|20230331|622600|Honoraires|||AC038548|20230331|FACT 250214 ELECTRICITE DE FRANCE|1267,44|0,00|||20230406||
AC|Achats|AC00013|20230331|590000|Depreciation des valeurs mobilieres de placement|||AC038548|20230331|FACT 250214 ELECTRICITE DE FRANCE|0,00|1267,44|||20230406||
AC|Achats|AC00014|20230801|606800|Autres matieres et fournitures|||AC083218|20230801|FACT 250219 ELECTRICITE DE FRANCE|1027,60|0,00|||20230806||
AC|Achats|AC00014|20230805|437000|Autres organismes sociaux|||AC083218|20230801|FACT 250219 ELECTRICITE DE FRANCE|0,00|1027,60|||20230806||
AC|Achats|AC00015|20230531|606800|Autres matieres et fournitures|||AC055662|20230531|FACT 250211 DALKIA FRANCE|999,68|0,00|||20230602||
AC|Achats|AC00015|20230531|518100|Interets courus a payer|||AC055662|20230531|FACT 250211 DALKIA FRANCE|0,00|999,68|||20230602||
AC|Achats|AC00016|20231228|623000|Publicite, publications, relations publiques|||AC122564|20231228|FACT 250201 FOURNITURES BUREAU|1060,72|0,00|||20231229||
AC|Achats|AC00016|20231228|517000|Autres organismes financiers|||AC122564|20231228|FACT 250201 FOURNITURES BUREAU|0,00|1060,72|||20231229||
AC|Achats|AC00017|20230630|606300|Fournitures d'entretien et petit equipement|||AC069017|20230630|FACT 250204 ELECTRICITE DE FRANCE|748,55|0,00|||20230630||
AC|Achats|AC00017|20230630|512100|Banque secondaire|||AC069017|20230630|FACT 250204 ELECTRICITE DE FRANCE|0,00|748,55|||20230630||
AC|Achats|AC00018|20230119|623000|Publicite, publications, relations publiques|||AC019623|20230119|FACT 250116 TELECOM SAS|587,88|0,00|||20230120||
AC|Achats|AC00018|20230119|401000|Fournisseurs|F00007|ASSURANCE GENERALI|AC019623|20230119|FACT 250116 TELECOM SAS|0,00|587,88|E5|20231216|20230120||
AC|Achats|AC00019|20230629|622700|Frais d'actes et de contentieux|||AC067064|20230629|FACT 250113 ELECTRICITE DE FRANCE|640,78|0,00|||20230701||
AC|Achats|AC00019|20230629|404000|Fournisseurs d'immobilisations|||AC067064|20230629|FACT 250113 ELECTRICITE DE FRANCE|0,00|640,78|||20230701||
AC|Achats|AC00020|20230915|601000|Achats de matieres premieres|||AC091809|20230915|FACT 250216 PAPETERIE EXPRESS|818,80|0,00|||20230920||
AC|Achats|AC00020|20230915|445670|TVA collectee|||AC091809|20230915|FACT 250216 PAPETERIE EXPRESS|0,00|818,80|||20230920||
AC|Achats|AC00021|20231013|627000|Services bancaires et assimiles|||AC107645|20231013|FACT 250102 PAPETERIE EXPRESS|372,01|0,00|||20231016||
AC|Achats|AC00021|20231013|445860|TVA sur factures non parvenues|||AC107645|20231013|FACT 250102 PAPETERIE EXPRESS|0,00|372,01|||20231016||
AC|Achats|AC00022|20231222|623100|Annonces et insertions|||AC125037|20231222|FACT 250103 PAPETERIE EXPRESS|1455,10|0,00|||20231226||
AC|Achats|AC00022|20231222|512000|Banque principale|||AC125037|20231222|FACT 250103 PAPETERIE EXPRESS|0,00|1455,10|||20231226||
AC|Achats|AC00023|20230522|618500|Frais de colloques, seminaires, conferences|||AC056485|20230522|FACT 250225 PAPETERIE EXPRESS|1590,96|0,00|||20230526||
AC|Achats|AC00023|20230522|441000|Etat - Impot sur les benefices|||AC056485|20230522|FACT 250225 PAPETERIE EXPRESS|0,00|1590,96|||20230526||
AC|Achats|AC00024|20230331|613200|Locations immobilieres|||AC039449|20230331|FACT 250122 PAPETERIE EXPRESS|799,69|0,00|||20230406||
AC|Achats|AC00024|20230331|438200|Charges sociales sur conges a payer|||AC039449|20230331|FACT 250122 PAPETERIE EXPRESS|0,00|799,69|||20230406||
AC|Achats|AC00025|20230811|621000|Personnel exterieur a l'entreprise|||AC085155|20230811|FACT 250127 FOURNITURES BUREAU|1548,84|0,00|||20230811||
AC|Achats|AC00025|20230811|447100|Autres impots, taxes et versements assimiles|||AC085155|20230811|FACT 250127 FOURNITURES BUREAU|0,00|1548,84|||20230811||
AC|Achats|AC00026|20231013|401000|Fournisseurs|F00009|NETTOYAGE SERVICE|AC103219|20231013|FACT 250120 TELECOM SAS|695,86|0,00|||20231016||
AC|Achats|AC00026|20231013|514000|Cheques postaux|||AC103219|20231013|FACT 250120 TELECOM SAS|0,00|695,86|||20231016||
AC|Achats|AC00027|20230221|618100|Documentation generale|||AC029155|20230221|FACT 250118 ELECTRICITE DE FRANCE|1379,56|0,00|||20230222||
AC|Achats|AC00027|20230221|514000|Cheques postaux|||AC029155|20230221|FACT 250118 ELECTRICITE DE FRANCE|0,00|1379,56|||20230222||
AC|Achats|AC00028|20231117|611000|Sous-traitance generale|||AC116837|20231117|FACT 250131 ELECTRICITE DE FRANCE|171,70|0,00|||20231119||
AC|Achats|AC00028|20231117|438200|Charges sociales sur conges a payer|||AC116837|20231117|FACT 250131 ELECTRICITE DE FRANCE|0,00|171,70|||20231119||
AC|Achats|AC00029|20230131|625700|Receptions|||AC014870|20230131|FACT 250109 DALKIA FRANCE|1938,96|0,00|||20230204||
AC|Achats|AC00029|20230131|418100|Clients - Factures a etablir|||AC014870|20230131|FACT 250109 DALKIA FRANCE|0,00|1938,96|||20230204||
AC|Achats|AC00030|20230623|611000|Sous-traitance generale|||AC067867|20230623|FACT 250202 FOURNITURES BUREAU|583,15|0,00|||20230627||
AC|Achats|AC00030|20230623|418100|Clients - Factures a etablir|||AC067867|20230623|FACT 250202 FOURNITURES BUREAU|0,00|583,15|||20230627||
AC|Achats|AC00031|20231017|602260|Achats d'emballages|||AC109078|20231017|FACT 250225 PAPETERIE EXPRESS|135,05|0,00|||20231024||
AC|Achats|AC00031|20231017|518700|Interets courus a recevoir|||AC109078|20231017|FACT 250225 PAPETERIE EXPRESS|0,00|135,05|||20231024||
AC|Achats|AC00032|20230721|627000|Services bancaires et assimiles|||AC071574|20230721|FACT 250115 PAPETERIE EXPRESS|309,97|0,00|||20230725||
AC|Achats|AC00032|20230721|517000|Autres organismes financiers|||AC071574|20230721|FACT 250115 PAPETERIE EXPRESS|0,00|309,97|||20230725||
AC|Achats|AC00033|20230727|625600|Missions|||AC075622|20230727|FACT 250117 FOURNITURES BUREAU|974,34|0,00|||20230729||
AC|Achats|AC00033|20230727|418100|Clients - Factures a etablir|||AC075622|20230727|FACT 250117 FOURNITURES BUREAU|0,00|974,34|||20230729||
AC|Achats|AC00034|20230502|622700|Frais d'actes et de contentieux|||AC056248|20230502|FACT 250220 TELECOM SAS|1581,10|0,00|||20230505||
AC|Achats|AC00034|20230502|518100|Interets courus a payer|||AC056248|20230502|FACT 250220 TELECOM SAS|0,00|1581,10|||20230505||
AC|Achats|AC00035|20231226|614000|Charges locatives|||AC125911|20231226|FACT 250107 DALKIA FRANCE|1598,81|0,00|||20231226||
AC|Achats|AC00035|20231226|512100|Banque secondaire|||AC125911|20231226|FACT 250107 DALKIA FRANCE|0,00|1598,81|||20231226||
AC|Achats|AC00036|20230630|615600|Maintenance|||AC063105|20230630|FACT 250202 PAPETERIE EXPRESS|1325,84|0,00|||20230706||
AC|Achats|AC00036|20230630|427000|Personnel - Oppositions|||AC063105|20230630|FACT 250202 PAPETERIE EXPRESS|0,00|1325,84|||20230706||
AC|Achats|AC00037|20230512|602260|Achats d'emballages|||AC058311|20230512|FACT 250223 PAPETERIE EXPRESS|1582,24|0,00|||20230514||
AC|Achats|AC00037|20230512|514000|Cheques postaux|||AC058311|20230512|FACT 250223 PAPETERIE EXPRESS|0,00|1582,24|||20230514||
AC|Achats|AC00038|20231208|623400|Cadeaux a la clientele|||AC121206|20231208|FACT 250209 DALKIA FRANCE|265,30|0,00|||20231214||
AC|Achats|AC00038|20231208|427000|Personnel - Oppositions|||AC121206|20231208|FACT 250209 DALKIA FRANCE|0,00|265,30|||20231214||
AC|Achats|AC00039|20230407|608500|Frais accessoires d'achat|||AC045161|20230407|FACT 250104 ELECTRICITE DE FRANCE|193,47|0,00|||20230407||
AC|Achats|AC00039|20230407|486000|Charges constatees d'avance|||AC045161|20230407|FACT 250104 ELECTRICITE DE FRANCE|0,00|193,47|||20230407||
AC|Achats|AC00040|20231123|625600|Missions|||AC114292|20231123|FACT 250116 ELECTRICITE DE FRANCE|1756,60|0,00|||20231125||
AC|Achats|AC00040|20231123|445870|TVA sur factures a etablir|||AC114292|20231123|FACT 250116 ELECTRICITE DE FRANCE|0,00|1756,60|||20231125||
AC|Achats|AC00041|20230512|621000|Personnel exterieur a l'entreprise|||AC059002|20230512|FACT 250205 DALKIA FRANCE|1065,33|0,00|||20230513||
AC|Achats|AC00041|20230512|486000|Charges constatees d'avance|||AC059002|20230512|FACT 250205 DALKIA FRANCE|0,00|1065,33|||20230513||
AC|Achats|AC00042|20230830|601000|Achats de matieres premieres|||AC086474|20230830|FACT 250206 ELECTRICITE DE FRANCE|1108,20|0,00|||20230901||
AC|Achats|AC00042|20230830|518700|Interets courus a recevoir|||AC086474|20230830|FACT 250206 ELECTRICITE DE FRANCE|0,00|1108,20|||20230901||
AC|Achats|AC00043|20230401|618100|Documentation generale|||AC037214|20230327|FACT 250101 TELECOM SAS|1620,00|0,00|||20230403||
AC|Achats|AC00043|20230327|511000|Valeurs a l'encaissement|||AC037214|20230327|FACT 250101 TELECOM SAS|0,00|1620,00|||20230403||
AC|Achats|AC00044|20230522|615500|Entretien et reparations sur biens mobiliers|||AC058142|20230522|FACT 250207 DALKIA FRANCE|72,10|0,00|||20230525||
AC|Achats|AC00044|20230522|530000|Caisse|||AC058142|20230522|FACT 250207 DALKIA FRANCE|0,00|72,10|||20230525||
AC|Achats|AC00045|20230406|621000|Personnel exterieur a l'entreprise|||AC047236|20230406|FACT 250216 FOURNITURES BUREAU|1817,04|0,00|||20230407||
AC|Achats|AC00045|20230406|438200|Charges sociales sur conges a payer|||AC047236|20230406|FACT 250216 FOURNITURES BUREAU|0,00|1817,04|||20230407||
AC|Achats|AC00046|20230228|626000|Frais postaux et de telecommunications|||AC024096|20230228|FACT 250218 FOURNITURES BUREAU|733,69|0,00|||20230301||
AC|Achats|AC00046|20230228|511000|Valeurs a l'encaissement|||AC024096|20230228|FACT 250218 FOURNITURES BUREAU|0,00|733,69|||20230301||
AC|Achats|AC00047|20230316|606300|Fournitures d'entretien et petit equipement|||AC033766|20230316|FACT 250210 DALKIA FRANCE|653,07|0,00|||20230323||
AC|Achats|AC00047|20230316|403000|Fournisseurs - Effets a payer|||AC033766|20230316|FACT 250210 DALKIA FRANCE|0,00|653,07|||20230323||
AC|Achats|AC00048|20231227|608500|Frais accessoires d'achat|||AC125625|20231227|FACT 250116 FOURNITURES BUREAU|985,62|0,00|||20231229||
AC|Achats|AC00048|20231227|428200|Personnel - Conges payes|||AC125625|20231227|FACT 250116 FOURNITURES BUREAU|0,00|985,62|||20231229||
AC|Achats|AC00049|20231215|608500|Frais accessoires d'achat|||AC123374|20231215|FACT 250109 DALKIA FRANCE|189,00|0,00|||20231221||
AC|Achats|AC00049|20231215|455000|Associes - Comptes courants|||AC123374|20231215|FACT 250109 DALKIA FRANCE|0,00|189,00|||20231221||
AC|Achats|AC00050|20230414|621000|Personnel exterieur a l'entreprise|||AC047253|20230414|FACT 250106 TELECOM SAS|202,57|0,00|||20230417||
AC|Achats|AC00050|20230414|445670|TVA collectee|||AC047253|20230414|FACT 250106 TELECOM SAS|0,00|202,57|||20230417||
AC|Achats|AC00051|20231018|623100|Annonces et insertions|||AC103123|20231018|FACT 250104 ELECTRICITE DE FRANCE|1323,14|0,00|||20231023||
AC|Achats|AC00051|20231018|590000|Depreciation des valeurs mobilieres de placement|||AC103123|20231018|FACT 250104 ELECTRICITE DE FRANCE|0,00|1323,14|||20231023||
AC|Achats|AC00052|20230621|622700|Frais d'actes et de contentieux|||AC061546|20230621|FACT 250103 ELECTRICITE DE FRANCE|319,29|0,00|||20230625||
AC|Achats|AC00052|20230621|514000|Cheques postaux|||AC061546|20230621|FACT 250103 ELECTRICITE DE FRANCE|0,00|319,29|||20230625||
AC|Achats|AC00053|20231005|615600|Maintenance|||AC106412|20231005|FACT 250220 DALKIA FRANCE|1385,01|0,00|||20231012||
AC|Achats|AC00053|20231005|486000|Charges constatees d'avance|||AC106412|20231005|FACT 250220 DALKIA FRANCE|0,00|1385,01|||20231012||
AC|Achats|AC00054|20231010|627000|Services bancaires et assimiles|||AC101756|20231010|FACT 250128 TELECOM SAS|1645,19|0,00|||20231017||
AC|Achats|AC00054|20231010|580000|Virements internes|||AC101756|20231010|FACT 250128 TELECOM SAS|0,00|1645,19|||20231017||
AC|Achats|AC00055|20231113|625600|Missions|||AC118785|20231113|FACT 250116 PAPETERIE EXPRESS|499,41|0,00|||20231114||
AC|Achats|AC00055|20231113|408100|Fournisseurs - Factures non parvenues|||AC118785|20231113|FACT 250116 PAPETERIE EXPRESS|0,00|499,41|||20231114||
AC|Achats|AC00056|20230828|618100|Documentation generale|||AC082926|20230828|FACT 250109 DALKIA FRANCE|1901,04|0,00|||20230828||
AC|Achats|AC00056|20230828|451000|Groupe|||AC082926|20230828|FACT 250109 DALKIA FRANCE|0,00|1901,04|||20230828||
AC|Achats|AC00057|20230517|612000|Redevances de credit-bail|||AC058298|20230517|FACT 250128 ELECTRICITE DE FRANCE|1302,47|0,00|||20230524||
AC|Achats|AC00057|20230517|441000|Etat - Impot sur les benefices|||AC058298|20230517|FACT 250128 ELECTRICITE DE FRANCE|0,00|1302,47|||20230524||
AC|Achats|AC00058|20230105|625600|Missions|||AC018376|20230105|FACT 250125 FOURNITURES BUREAU|1297,72|0,00|||20230106||
AC|Achats|AC00058|20230105|445660|TVA deductible sur ABS|||AC018376|20230105|FACT 250125 FOURNITURES BUREAU|0,00|1297,72|||20230106||
AC|Achats|AC00059|20231227|618500|Frais de colloques, seminaires, conferences|||AC124008|20231227|FACT 250218 PAPETERIE EXPRESS|1331,53|0,00|||20231228||
AC|Achats|AC00059|20231227|438200|Charges sociales sur conges a payer|||AC124008|20231227|FACT 250218 PAPETERIE EXPRESS|0,00|1331,53|||20231228||
AC|Achats|AC00060|20230201|606100|Electricite, gaz, eau|||AC027452|20230201|FACT 250110 DALKIA FRANCE|502,65|0,00|||20230201||
AC|Achats|AC00060|20230201|421000|Personnel - Remunerations dues|||AC027452|20230201|FACT 250110 DALKIA FRANCE|0,00|502,65|||20230201||
AC|Achats|AC00061|20230609|621000|Personnel exterieur a l'entreprise|||AC069978|20230609|FACT 250110 TELECOM SAS|904,48|0,00|||20230610||
AC|Achats|AC00061|20230609|427000|Personnel - Oppositions|||AC069978|20230609|FACT 250110 TELECOM SAS|0,00|904,48|||20230610||
AC|Achats|AC00062|20231201|615500|Entretien et reparations sur biens mobiliers|||AC123778|20231201|FACT 250205 ELECTRICITE DE FRANCE|81,32|0,00|||20231207||
AC|Achats|AC00062|20231201|421000|Personnel - Remunerations dues|||AC123778|20231201|FACT 250205 ELECTRICITE DE FRANCE|0,00|81,32|||20231207||
AC|Achats|AC00063|20230120|625100|Voyages et deplacements|||AC017780|20230120|FACT 250212 PAPETERIE EXPRESS|1681,98|0,00|||20230122||
AC|Achats|AC00063|20230120|445620|TVA deductible sur immobilisations|||AC017780|20230120|FACT 250212 PAPETERIE EXPRESS|0,00|1681,98|||20230122||
AC|Achats|AC00064|20231202|615600|Maintenance|||AC118338|20231128|FACT 250103 PAPETERIE EXPRESS|1886,37|0,00|||20231205||
AC|Achats|AC00064|20231128|512100|Banque secondaire|||AC118338|20231128|FACT 250103 PAPETERIE EXPRESS|0,00|1886,37|||20231205||
AC|Achats|AC00065|20231006|623000|Publicite, publications, relations publiques|||AC109841|20231006|FACT 250107 PAPETERIE EXPRESS|1437,22|0,00|||20231009||
AC|Achats|AC00065|20231006|408400|Fournisseurs d'immobilisations - Factures non parvenues|||AC109841|20231006|FACT 250107 PAPETERIE EXPRESS|0,00|1437,22|||20231009||
AC|Achats|AC00066|20231122|622700|Frais d'actes et de contentieux|||AC113545|20231122|FACT 250121 ELECTRICITE DE FRANCE|1772,19|0,00|||20231127||
AC|Achats|AC00066|20231122|445670|TVA collectee|||AC113545|20231122|FACT 250121 ELECTRICITE DE FRANCE|0,00|1772,19|||20231127||
AC|Achats|AC00067|20231201|602100|Achats de matieres consommables|||AC126131|20231201|FACT 250101 ELECTRICITE DE FRANCE|157,49|0,00|||20231201||
AC|Achats|AC00067|20231201|468600|Charges a payer|||AC126131|20231201|FACT 250101 ELECTRICITE DE FRANCE|0,00|157,49|||20231201||
AC|Achats|AC00068|20230518|616000|Primes d'assurance|||AC055630|20230518|FACT 250107 DALKIA FRANCE|894,36|0,00|||20230521||
AC|Achats|AC00068|20230518|471000|Compte d'attente|||AC055630|20230518|FACT 250107 DALKIA FRANCE|0,00|894,36|||20230521||
AC|Achats|AC00069|20230901|625600|Missions|||AC099805|20230901|FACT 250116 DALKIA FRANCE|1638,22|0,00|||20230906||
AC|Achats|AC00069|20230901|512100|Banque secondaire|||AC099805|20230901|FACT 250116 DALKIA FRANCE|0,00|1638,22|||20230906||
AC|Achats|AC00070|20230724|606300|Fournitures d'entretien et petit equipement|||AC079144|20230724|FACT 250119 PAPETERIE EXPRESS|1677,23|0,00|||20230731||
AC|Achats|AC00070|20230724|438200|Charges sociales sur conges a payer|||AC079144|20230724|FACT 250119 PAPETERIE EXPRESS|0,00|1677,23|||20230731||
AC|Achats|AC00071|20230306|618100|Documentation generale|||AC037584|20230306|FACT 250225 TELECOM SAS|683,38|0,00|||20230306||
AC|Achats|AC00071|20230306|512100|Banque secondaire|||AC037584|20230306|FACT 250225 TELECOM SAS|0,00|683,38|||20230306||
AC|Achats|AC00072|20230317|602260|Achats d'emballages|||AC034127|20230317|FACT 250105 TELECOM SAS|783,86|0,00|||20230324||
AC|Achats|AC00072|20230317|487000|Produits constates d'avance|||AC034127|20230317|FACT 250105 TELECOM SAS|0,00|783,86|||20230324||
AC|Achats|AC00073|20231222|615500|Entretien et reparations sur biens mobiliers|||AC127207|20231222|FACT 250121 PAPETERIE EXPRESS|649,47|0,00|||20231228||
AC|Achats|AC00073|20231222|408100|Fournisseurs - Factures non parvenues|||AC127207|20231222|FACT 250121 PAPETERIE EXPRESS|0,00|649,47|||20231228||
AC|Achats|AC00074|20231207|622600|Honoraires|||AC129975|20231207|FACT 250210 ELECTRICITE DE FRANCE|842,04|0,00|||20231214||
AC|Achats|AC00074|20231207|517000|Autres organismes financiers|||AC129975|20231207|FACT 250210 ELECTRICITE DE FRANCE|0,00|842,04|||20231214||
AC|Achats|AC00075|20230808|602200|Achats de fournitures consommables|||AC085222|20230808|FACT 250216 ELECTRICITE DE FRANCE|19,14|0,00|||20230810||
AC|Achats|AC00075|20230808|425000|Personnel - Avances et acomptes|||AC085222|20230808|FACT 250216 ELECTRICITE DE FRANCE|0,00|19,14|||20230810||
AC|Achats|AC00076|20230324|622600|Honoraires|||AC034409|20230324|FACT 250128 FOURNITURES BUREAU|177,40|0,00|||20230327||
AC|Achats|AC00076|20230324|437000|Autres organismes sociaux|||AC034409|20230324|FACT 250128 FOURNITURES BUREAU|0,00|177,40|||20230327||
AC|Achats|AC00077|20230323|606300|Fournitures d'entretien et petit equipement|||AC038242|20230323|FACT 250123 ELECTRICITE DE FRANCE|18,85|0,00|||20230328||
AC|Achats|AC00077|20230323|445860|TVA sur factures non parvenues|||AC038242|20230323|FACT 250123 ELECTRICITE DE FRANCE|0,00|18,85|||20230328||
AC|Achats|AC00078|20231031|606400|Fournitures administratives|||AC108144|20231031|FACT 250105 PAPETERIE EXPRESS|31,02|0,00|||20231031||
AC|Achats|AC00078|20231031|500000|Valeurs mobilieres de placement|||AC108144|20231031|FACT 250105 PAPETERIE EXPRESS|0,00|31,02|||20231031||
AC|Achats|AC00079|20230419|615600|Maintenance|||AC042939|20230419|FACT 250122 TELECOM SAS|56,64|0,00|||20230425||
AC|Achats|AC00079|20230419|413000|Clients - Effets a recevoir|||AC042939|20230419|FACT 250122 TELECOM SAS|0,00|56,64|||20230425||
AC|Achats|AC00080|20230721|612000|Redevances de credit-bail|||AC078990|20230721|FACT 250211 PAPETERIE EXPRESS|140,05|0,00|||20230723||
AC|Achats|AC00080|20230721|445620|TVA deductible sur immobilisations|||AC078990|20230721|FACT 250211 PAPETERIE EXPRESS|0,00|140,05|||20230723||
AC|Achats|AC00081|20230727|614000|Charges locatives|||AC073325|20230727|FACT 250204 ELECTRICITE DE FRANCE|880,69|0,00|||20230727||
AC|Achats|AC00081|20230727|445520|TVA due intracommunautaire|||AC073325|20230727|FACT 250204 ELECTRICITE DE FRANCE|0,00|880,69|||20230727||
AC|Achats|AC00082|20230822|618500|Frais de colloques, seminaires, conferences|||AC089878|20230822|FACT 250117 TELECOM SAS|271,31|0,00|||20230828||
AC|Achats|AC00082|20230822|514000|Cheques postaux|||AC089878|20230822|FACT 250117 TELECOM SAS|0,00|271,31|||20230828||
AC|Achats|AC00083|20230203|623100|Annonces et insertions|||AC028218|20230203|FACT 250105 DALKIA FRANCE|1824,04|0,00|||20230204||
AC|Achats|AC00083|20230203|409100|Fournisseurs - Avances et acomptes verses|||AC028218|20230203|FACT 250105 DALKIA FRANCE|0,00|1824,04|||20230204||
AC|Achats|AC00084|20230613|626000|Frais postaux et de telecommunications|||AC061466|20230613|FACT 250121 ELECTRICITE DE FRANCE|123,83|0,00|||20230618||
AC|Achats|AC00084|20230613|437000|Autres organismes sociaux|||AC061466|20230613|FACT 250121 ELECTRICITE DE FRANCE|0,00|123,83|||20230618||
AC|Achats|AC00085|20230323|601000|Achats de matieres premieres|||AC036440|20230323|FACT 250122 TELECOM SAS|1560,05|0,00|||20230329||
AC|Achats|AC00085|20230323|468600|Charges a payer|||AC036440|20230323|FACT 250122 TELECOM SAS|0,00|1560,05|||20230329||
AC|Achats|AC00086|20231208|606300|Fournitures d'entretien et petit equipement|||AC124132|20231208|FACT 250121 ELECTRICITE DE FRANCE|432,81|0,00|||20231211||
AC|Achats|AC00086|20231208|471000|Compte d'attente|||AC124132|20231208|FACT 250121 ELECTRICITE DE FRANCE|0,00|432,81|||20231211||
AC|Achats|AC00087|20230428|618100|Documentation generale|||AC043898|20230428|FACT 250128 DALKIA FRANCE|948,30|0,00|||20230501||
AC|Achats|AC00087|20230428|511000|Valeurs a l'encaissement|||AC043898|20230428|FACT 250128 DALKIA FRANCE|0,00|948,30|||20230501||
AC|Achats|AC00088|20230728|625100|Voyages et deplacements|||AC071726|20230728|FACT 250227 ELECTRICITE DE FRANCE|1650,42|0,00|||20230728||
AC|Achats|AC00088|20230728|408400|Fournisseurs d'immobilisations - Factures non parvenues|||AC071726|20230728|FACT 250227 ELECTRICITE DE FRANCE|0,00|1650,42|||20230728||
AC|Achats|AC00089|20231107|613500|Locations mobilieres|||AC112154|20231107|FACT 250216 TELECOM SAS|383,41|0,00|||20231111||
AC|Achats|AC00089|20231107|445710|TVA collectee a payer|||AC112154|20231107|FACT 250216 TELECOM SAS|0,00|383,41|||20231111||
AC|Achats|AC00090|20230428|622700|Frais d'actes et de contentieux|||AC042143|20230428|FACT 250215 FOURNITURES BUREAU|1545,95|0,00|||20230503||
AC|Achats|AC00090|20230428|512000|Banque principale|||AC042143|20230428|FACT 250215 FOURNITURES BUREAU|0,00|1545,95|||20230503||
AC|Achats|AC00091|20230731|601000|Achats de matieres premieres|||AC076571|20230731|FACT 250102 PAPETERIE EXPRESS|128,32|0,00|||20230807||
AC|Achats|AC00091|20230731|447100|Autres impots, taxes et versements assimiles|||AC076571|20230731|FACT 250102 PAPETERIE EXPRESS|0,00|128,32|||20230807||
AC|Achats|AC00092|20231005|625100|Voyages et deplacements|||AC105937|20231005|FACT 250202 TELECOM SAS|1325,63|0,00|||20231010||
AC|Achats|AC00092|20231005|447100|Autres impots, taxes et versements assimiles|||AC105937|20231005|FACT 250202 TELECOM SAS|0,00|1325,63|||20231010||
AC|Achats|AC00093|20231101|618500|Frais de colloques, seminaires, conferences|||AC119911|20231101|FACT 250104 TELECOM SAS|860,03|0,00|||20231104||
AC|Achats|AC00093|20231101|487000|Produits constates d'avance|||AC119911|20231101|FACT 250104 TELECOM SAS|0,00|860,03|||20231104||
AC|Achats|AC00094|20230526|623000|Publicite, publications, relations publiques|||AC052006|20230526|FACT 250207 TELECOM SAS|1192,68|0,00|||20230531||
AC|Achats|AC00094|20230526|455000|Associes - Comptes courants|||AC052006|20230526|FACT 250207 TELECOM SAS|0,00|1192,68|||20230531||
AC|Achats|AC00095|20230829|608500|Frais accessoires d'achat|||AC089379|20230829|FACT 250105 DALKIA FRANCE|600,79|0,00|||20230902||
AC|Achats|AC00095|20230829|404000|Fournisseurs d'immobilisations|||AC089379|20230829|FACT 250105 DALKIA FRANCE|0,00|600,79|||20230902||
AC|Achats|AC00096|20230919|615200|Entretien et reparations sur biens immobiliers|||AC098819|20230919|FACT 250223 DALKIA FRANCE|1677,77|0,00|||20230926||
AC|Achats|AC00096|20230919|514000|Cheques postaux|||AC098819|20230919|FACT 250223 DALKIA FRANCE|0,00|1677,77|||20230926||
AC|Achats|AC00097|20230901|602260|Achats d'emballages|||AC093646|20230901|FACT 250125 DALKIA FRANCE|110,22|0,00|||20230908||
AC|Achats|AC00097|20230901|438200|Charges sociales sur conges a payer|||AC093646|20230901|FACT 250125 DALKIA FRANCE|0,00|110,22|||20230908||
AC|Achats|AC00098|20230925|621000|Personnel exterieur a l'entreprise|||AC097872|20230925|FACT 250109 DALKIA FRANCE|1495,02|0,00|||20230928||
AC|Achats|AC00098|20230925|491000|Depreciation des comptes clients|||AC097872|20230925|FACT 250109 DALKIA FRANCE|0,00|1495,02|||20230928||
AC|Achats|AC00099|20231124|616000|Primes d'assurance|||AC118964|20231124|FACT 250102 FOURNITURES BUREAU|1441,59|0,00|||20231129||
AC|Achats|AC00099|20231124|437000|Autres organismes sociaux|||AC118964|20231124|FACT 250102 FOURNITURES BUREAU|0,00|1441,59|||20231129||
AC|Achats|AC00100|20230929|602100|Achats de matieres consommables|||AC099547|20230929|FACT 250227 FOURNITURES BUREAU|373,10|0,00|||20231001||
AC|Achats|AC00100|20230929|445860|TVA sur factures non parvenues|||AC099547|20230929|FACT 250227 FOURNITURES BUREAU|0,00|373,10|||20231001||
AC|Achats|AC00101|20230927|401000|Fournisseurs|F00004|PAPETERIE EXPRESS|AC098845|20230927|FACT 250215 PAPETERIE EXPRESS|976,08|0,00|||20230928||
AC|Achats|AC00101|20230927|518700|Interets courus a recevoir|||AC098845|20230927|FACT 250215 PAPETERIE EXPRESS|0,00|976,08|||20230928||
AC|Achats|AC00102|20230913|612000|Redevances de credit-bail|||AC096084|20230913|FACT 250101 TELECOM SAS|724,96|0,00|||20230920||
AC|Achats|AC00102|20230913|445670|TVA collectee|||AC096084|20230913|FACT 250101 TELECOM SAS|0,00|724,96|||20230920||
AC|Achats|AC00103|20230706|607000|Achats de marchandises|||AC076766|20230706|FACT 250127 PAPETERIE EXPRESS|900,54|0,00|||20230708||
AC|Achats|AC00103|20230706|421000|Personnel - Remunerations dues|||AC076766|20230706|FACT 250127 PAPETERIE EXPRESS|0,00|900,54|||20230708||
AC|Achats|AC00104|20230804|601000|Achats de matieres premieres|||AC089148|20230804|FACT 250122 FOURNITURES BUREAU|1204,15|0,00|||20230808||
AC|Achats|AC00104|20230804|445670|TVA collectee|||AC089148|20230804|FACT 250122 FOURNITURES BUREAU|0,00|1204,15|||20230808||
AC|Achats|AC00105|20230105|602260|Achats d'emballages|||AC014622|20230105|FACT 250213 ELECTRICITE DE FRANCE|1548,84|0,00|||20230112||
AC|Achats|AC00105|20230105|413000|Clients - Effets a recevoir|||AC014622|20230105|FACT 250213 ELECTRICITE DE FRANCE|0,00|1548,84|||20230112||
AC|Achats|AC00106|20230224|613200|Locations immobilieres|||AC028818|20230224|FACT 250101 TELECOM SAS|1596,43|0,00|||20230302||
AC|Achats|AC00106|20230224|441000|Etat - Impot sur les benefices|||AC028818|20230224|FACT 250101 TELECOM SAS|0,00|1596,43|||20230302||
AC|Achats|AC00107|20230524|618500|Frais de colloques, seminaires, conferences|||AC056357|20230524|FACT 250216 ELECTRICITE DE FRANCE|363,10|0,00|||20230527||
AC|Achats|AC00107|20230524|445870|TVA sur factures a etablir|||AC056357|20230524|FACT 250216 ELECTRICITE DE FRANCE|0,00|363,10|||20230527||
AC|Achats|AC00108|20230720|615600|Maintenance|||AC074295|20230720|FACT 250103 FOURNITURES BUREAU|1201,61|0,00|||20230721||
AC|Achats|AC00108|20230720|447100|Autres impots, taxes et versements assimiles|||AC074295|20230720|FACT 250103 FOURNITURES BUREAU|0,00|1201,61|||20230721||
AC|Achats|AC00109|20230123|606800|Autres matieres et fournitures|||AC014425|20230123|FACT 250128 DALKIA FRANCE|885,08|0,00|||20230129||
AC|Achats|AC00109|20230123|404000|Fournisseurs d'immobilisations|||AC014425|20230123|FACT 250128 DALKIA FRANCE|0,00|885,08|||20230129||
AC|Achats|AC00110|20230414|623000|Publicite, publications, relations publiques|||AC044356|20230414|FACT 250215 DALKIA FRANCE|1803,25|0,00|||20230419||
AC|Achats|AC00110|20230414|511000|Valeurs a l'encaissement|||AC044356|20230414|FACT 250215 DALKIA FRANCE|0,00|1803,25|||20230419||
AC|Achats|AC00111|20230926|602260|Achats d'emballages|||AC093924|20230926|FACT 250106 FOURNITURES BUREAU|909,81|0,00|||20231003||
AC|Achats|AC00111|20230926|512100|Banque secondaire|||AC093924|20230926|FACT 250106 FOURNITURES BUREAU|0,00|909,81|||20231003||
AC|Achats|AC00112|20230227|615200|Entretien et reparations sur biens immobiliers|||AC029545|20230227|FACT 250101 TELECOM SAS|830,38|0,00|||20230306||
AC|Achats|AC00112|20230227|408400|Fournisseurs d'immobilisations - Factures non parvenues|||AC029545|20230227|FACT 250101 TELECOM SAS|0,00|830,38|||20230306||
AC|Achats|AC00113|20230126|616000|Primes d'assurance|||AC013876|20230126|FACT 250113 ELECTRICITE DE FRANCE|1314,41|0,00|||20230128||
AC|Achats|AC00113|20230126|508000|Interets courus sur VMP|||AC013876|20230126|FACT 250113 ELECTRICITE DE FRANCE|0,00|1314,41|||20230128||
AC|Achats|AC00114|20231027|627000|Services bancaires et assimiles|||AC101671|20231027|FACT 250128 PAPETERIE EXPRESS|700,00|0,00|||20231029||
AC|Achats|AC00114|20231027|512100|Banque secondaire|||AC101671|20231027|FACT 250128 PAPETERIE EXPRESS|0,00|700,00|||20231029||
AC|Achats|AC00115|20230407|616000|Primes d'assurance|||AC048394|20230407|FACT 250210 TELECOM SAS|1914,50|0,00|||20230412||
AC|Achats|AC00115|20230407|445660|TVA deductible sur ABS|||AC048394|20230407|FACT 250210 TELECOM SAS|0,00|1914,50|||20230412||
AC|Achats|AC00116|20230926|601000|Achats de matieres premieres|||AC091878|20230926|FACT 250201 ELECTRICITE DE FRANCE|1936,93|0,00|||20230927||
AC|Achats|AC00116|20230926|580000|Virements internes|||AC091878|20230926|FACT 250201 ELECTRICITE DE FRANCE|0,00|1936,93|||20230927||
AC|Achats|AC00117|20230605|611000|Sous-traitance generale|||AC065782|20230605|FACT 250223 ELECTRICITE DE FRANCE|1501,83|0,00|||20230611||
AC|Achats|AC00117|20230605|408100|Fournisseurs - Factures non parvenues|||AC065782|20230605|FACT 250223 ELECTRICITE DE FRANCE|0,00|1501,83|||20230611||
AC|Achats|AC00118|20231016|618500|Frais de colloques, seminaires, conferences|||AC103459|20231016|FACT 250112 DALKIA FRANCE|94,28|0,00|||20231021||
AC|Achats|AC00118|20231016|445870|TVA sur factures a etablir|||AC103459|20231016|FACT 250112 DALKIA FRANCE|0,00|94,28|||20231021||
AC|Achats|AC00119|20230515|602260|Achats d'emballages|||AC055567|20230515|FACT 250223 DALKIA FRANCE|650,44|0,00|||20230517||
AC|Achats|AC00119|20230515|403000|Fournisseurs - Effets a payer|||AC055567|20230515|FACT 250223 DALKIA FRANCE|0,00|650,44|||20230517||
AC|Achats|AC00120|20230111|614000|Charges locatives|||AC014655|20230111|FACT 250120 ELECTRICITE DE FRANCE|964,84|0,00|||20230117||
AC|Achats|AC00120|20230111|491000|Depreciation des comptes clients|||AC014655|20230111|FACT 250120 ELECTRICITE DE FRANCE|0,00|964,84|||20230117||
AC|Achats|AC00121|20231109|612000|Redevances de credit-bail|||AC117874|20231109|FACT 250220 PAPETERIE EXPRESS|892,58|0,00|||20231113||
AC|Achats|AC00121|20231109|518700|Interets courus a recevoir|||AC117874|20231109|FACT 250220 PAPETERIE EXPRESS|0,00|892,58|||20231113||
AC|Achats|AC00122|20230309|625700|Receptions|||AC039696|20230309|FACT 250201 ELECTRICITE DE FRANCE|1315,72|0,00|||20230309||
AC|Achats|AC00122|20230309|441000|Etat - Impot sur les benefices|||AC039696|20230309|FACT 250201 ELECTRICITE DE FRANCE|0,00|1315,72|||20230309||
AC|Achats|AC00123|20231208|606800|Autres matieres et fournitures|||AC128641|20231208|FACT 250204 ELECTRICITE DE FRANCE|1121,69|0,00|||20231214||
AC|Achats|AC00123|20231208|511000|Valeurs a l'encaissement|||AC128641|20231208|FACT 250204 ELECTRICITE DE FRANCE|0,00|1121,69|||20231214||
AC|Achats|AC00124|20230316|615600|Maintenance|||AC035783|20230316|FACT 250127 ELECTRICITE DE FRANCE|1880,60|0,00|||20230323||
AC|Achats|AC00124|20230316|428200|Personnel - Conges payes|||AC035783|20230316|FACT 250127 ELECTRICITE DE FRANCE|0,00|1880,60|||20230323||
AC|Achats|AC00125|20230208|622600|Honoraires|||AC027537|20230208|FACT 250214 FOURNITURES BUREAU|31,22|0,00|||20230214||
AC|Achats|AC00125|20230208|444000|Etat - Impots sur les benefices|||AC027537|20230208|FACT 250214 FOURNITURES BUREAU|0,00|31,22|||20230214||
AC|Achats|AC00126|20231117|625700|Receptions|||AC112308|20231117|FACT 250205 DALKIA FRANCE|150,27|0,00|||20231123||
AC|Achats|AC00126|20231117|451000|Groupe|||AC112308|20231117|FACT 250205 DALKIA FRANCE|0,00|150,27|||20231123||
AC|Achats|AC00127|20230110|606100|Electricite, gaz, eau|||AC014477|20230110|FACT 250110 FOURNITURES BUREAU|268,66|0,00|||20230113||
AC|Achats|AC00127|20230110|401000|Fournisseurs|F00006|MAINTENANCE PRO|AC014477|20230110|FACT 250110 FOURNITURES BUREAU|0,00|268,66|||20230113||
AC|Achats|AC00128|20230915|627000|Services bancaires et assimiles|||AC099657|20230915|FACT 250225 FOURNITURES BUREAU|1668,41|0,00|||20230920||
AC|Achats|AC00128|20230915|444000|Etat - Impots sur les benefices|||AC099657|20230915|FACT 250225 FOURNITURES BUREAU|0,00|1668,41|||20230920||
AC|Achats|AC00129|20230210|602100|Achats de matieres consommables|||AC024309|20230210|FACT 250211 ELECTRICITE DE FRANCE|925,06|0,00|||20230217||
AC|Achats|AC00129|20230210|416000|Clients douteux|||AC024309|20230210|FACT 250211 ELECTRICITE DE FRANCE|0,00|925,06|||20230217||
AC|Achats|AC00130|20230829|622600|Honoraires|||AC081773|20230829|FACT 250208 TELECOM SAS|1192,99|0,00|||20230831||
AC|Achats|AC00130|20230829|491000|Depreciation des comptes clients|||AC081773|20230829|FACT 250208 TELECOM SAS|0,00|1192,99|||20230831||
AC|Achats|AC00131|20231201|625700|Receptions|||AC127947|20231201|FACT 250127 ELECTRICITE DE FRANCE|505,00|0,00|||20231204||
AC|Achats|AC00131|20231201|530000|Caisse|||AC127947|20231201|FACT 250127 ELECTRICITE DE FRANCE|0,00|505,00|||20231204||
AC|Achats|AC00132|20231130|623400|Cadeaux a la clientele|||AC112195|20231130|FACT 250212 FOURNITURES BUREAU|1699,75|0,00|||20231207||
AC|Achats|AC00132|20231130|451000|Groupe|||AC112195|20231130|FACT 250212 FOURNITURES BUREAU|0,00|1699,75|||20231207||
AC|Achats|AC00133|20230217|621000|Personnel exterieur a l'entreprise|||AC025204|20230217|FACT 250204 PAPETERIE EXPRESS|173,00|0,00|||20230219||
AC|Achats|AC00133|20230217|425000|Personnel - Avances et acomptes|||AC025204|20230217|FACT 250204 PAPETERIE EXPRESS|0,00|173,00|||20230219||
AC|Achats|AC00134|20230707|615200|Entretien et reparations sur biens immobiliers|||AC075304|20230707|FACT 250204 TELECOM SAS|638,31|0,00|||20230713||
AC|Achats|AC00134|20230707|500000|Valeurs mobilieres de placement|||AC075304|20230707|FACT 250204 TELECOM SAS|0,00|638,31|||20230713||
BQ|Banque|BQ00001|20230303|602100|Achats de matieres consommables|||BQ036365|20230303|CB 24/02 FOURNISSEUR|261,32|0,00|||20230303||
BQ|Banque|BQ00001|20230303|508000|Interets courus sur VMP|||BQ036365|20230303|CB 24/02 FOURNISSEUR|0,00|261,32|||20230303||
BQ|Banque|BQ00002|20230309|633000|Impots, taxes et versements assimiles sur remunerations (autres organismes)|||BQ034007|20230309|CB 01/02 FOURNISSEUR|285,35|0,00|||20230309||
BQ|Banque|BQ00002|20230309|487000|Produits constates d'avance|||BQ034007|20230309|CB 01/02 FOURNISSEUR|0,00|285,35|||20230309||
BQ|Banque|BQ00003|20231103|628100|Concours divers (cotisations...)|||BQ111668|20231103|CB 06/01 FOURNISSEUR|722,71|0,00|||20231109||
BQ|Banque|BQ00003|20231103|445670|TVA collectee|||BQ111668|20231103|CB 06/01 FOURNISSEUR|0,00|722,71|||20231109||
BQ|Banque|BQ00004|20230605|580000|Virements internes|||BQ063587|20230605|VIREMENT 08/02 REF 4950979|449,58|0,00|||20230610||
BQ|Banque|BQ00004|20230605|447100|Autres impots, taxes et versements assimiles|||BQ063587|20230605|VIREMENT 08/02 REF 4950979|0,00|449,58|||20230610||
BQ|Banque|BQ00005|20230224|695000|Impots sur les benefices|||BQ027557|20230224|CB 01/01 FOURNISSEUR|1801,45|0,00|||20230225||
BQ|Banque|BQ00005|20230224|418100|Clients - Factures a etablir|||BQ027557|20230224|CB 01/01 FOURNISSEUR|0,00|1801,45|||20230225||
BQ|Banque|BQ00006|20230712|623000|Publicite, publications, relations publiques|||BQ077740|20230712|CB 02/02 FOURNISSEUR|830,55|0,00|||20230712||
BQ|Banque|BQ00006|20230712|411000|Clients|C00006|CLIENT ZETA|BQ077740|20230712|CB 02/02 FOURNISSEUR|0,00|830,55|||20230712||
BQ|Banque|BQ00007|20230726|651000|Redevances pour concessions, brevets, licences, etc.|||BQ074075|20230726|CB 15/01 FOURNISSEUR|1095,16|0,00|||20230729||
BQ|Banque|BQ00007|20230726|409100|Fournisseurs - Avances et acomptes verses|||BQ074075|20230726|CB 15/01 FOURNISSEUR|0,00|1095,16|||20230729||
BQ|Banque|BQ00008|20230818|606300|Fournitures d'entretien et petit equipement|||BQ088532|20230818|CB 21/01 FOURNISSEUR|999,16|0,00|||20230825||
BQ|Banque|BQ00008|20230818|416000|Clients douteux|||BQ088532|20230818|CB 21/01 FOURNISSEUR|0,00|999,16|||20230825||
BQ|Banque|BQ00009|20230912|618100|Documentation generale|||BQ093147|20230912|CB 14/02 FOURNISSEUR|1720,41|0,00|||20230917||
BQ|Banque|BQ00009|20230912|517000|Autres organismes financiers|||BQ093147|20230912|CB 14/02 FOURNISSEUR|0,00|1720,41|||20230917||
BQ|Banque|BQ00010|20230302|681120|Dot. amort. sur immo. corporelles|||BQ034013|20230302|CB 03/02 FOURNISSEUR|255,00|0,00|||20230309||
BQ|Banque|BQ00010|20230302|421000|Personnel - Remunerations dues|||BQ034013|20230302|CB 03/02 FOURNISSEUR|0,00|255,00|||20230309||
BQ|Banque|BQ00011|20231116|691000|Participation des salaries aux resultats|||BQ116715|20231116|CB 06/02 FOURNISSEUR|1465,60|0,00|||20231123||
BQ|Banque|BQ00011|20231116|444000|Etat - Impots sur les benefices|||BQ116715|20231116|CB 06/02 FOURNISSEUR|0,00|1465,60|||20231123||
BQ|Banque|BQ00012|20230519|401000|Fournisseurs|F00006|MAINTENANCE PRO|BQ059102|20230519|OPERATION BANCAIRE 10/01|9445,87|0,00|||20230523||
BQ|Banque|BQ00012|20230519|517000|Autres organismes financiers|||BQ059102|20230519|OPERATION BANCAIRE 10/01|0,00|9445,87|||20230523||
BQ|Banque|BQ00013|20230407|615500|Entretien et reparations sur biens mobiliers|||BQ041880|20230407|CB 21/02 FOURNISSEUR|728,55|0,00|||20230409||
BQ|Banque|BQ00013|20230407|445520|TVA due intracommunautaire|||BQ041880|20230407|CB 21/02 FOURNISSEUR|0,00|728,55|||20230409||
BQ|Banque|BQ00014|20230421|625600|Missions|||BQ046926|20230421|CB 23/02 FOURNISSEUR|1097,46|0,00|||20230425||
BQ|Banque|BQ00014|20230421|467000|Autres comptes debiteurs ou crediteurs|||BQ046926|20230421|CB 23/02 FOURNISSEUR|0,00|1097,46|||20230425||
BQ|Banque|BQ00015|20230712|763000|Revenus des autres creances|||BQ075987|20230712|OPERATION BANCAIRE 26/02|1305,79|0,00|||20230712||
BQ|Banque|BQ00015|20230712|606300|Fournitures d'entretien et petit equipement|||BQ075987|20230712|OPERATION BANCAIRE 26/02|0,00|1305,79|||20230712||
BQ|Banque|BQ00016|20230610|615500|Entretien et reparations sur biens mobiliers|||BQ067850|20230609|CB 28/01 FOURNISSEUR|1301,86|0,00|||20230613||
BQ|Banque|BQ00016|20230609|486000|Charges constatees d'avance|||BQ067850|20230609|CB 28/01 FOURNISSEUR|0,00|1301,86|||20230613||
BQ|Banque|BQ00017|20230714|654000|Pertes sur creances irrecouvrables|||BQ071149|20230714|CB 02/01 FOURNISSEUR|434,55|0,00|||20230716||
BQ|Banque|BQ00017|20230714|438200|Charges sociales sur conges a payer|||BQ071149|20230714|CB 02/01 FOURNISSEUR|0,00|434,55|||20230716||
BQ|Banque|BQ00018|20231215|512100|Banque secondaire|||BQ127335|20231215|VIREMENT 21/02 REF 98734868|959,26|0,00|||20231217||
BQ|Banque|BQ00018|20231215|468600|Charges a payer|||BQ127335|20231215|VIREMENT 21/02 REF 98734868|0,00|959,26|||20231217||
BQ|Banque|BQ00019|20230120|781500|Reprises sur provisions pour risques et charges d'exploitation|||BQ015855|20230120|OPERATION BANCAIRE 17/02|529,32|0,00|||20230127||
BQ|Banque|BQ00019|20230120|720000|Production immobilisee|||BQ015855|20230120|OPERATION BANCAIRE 17/02|0,00|529,32|||20230127||
BQ|Banque|BQ00020|20230824|758000|Produits divers de gestion courante|||BQ084505|20230824|OPERATION BANCAIRE 23/02|1520,47|0,00|||20230829||
BQ|Banque|BQ00020|20230824|281350|Amort. installations generales|||BQ084505|20230824|OPERATION BANCAIRE 23/02|0,00|1520,47|||20230829||
BQ|Banque|BQ00021|20231006|401000|Fournisseurs|F00006|MAINTENANCE PRO|BQ101166|20231006|OPERATION BANCAIRE 17/01|7153,00|0,00|Y6|20231220|20231006||
BQ|Banque|BQ00021|20231006|508000|Interets courus sur VMP|||BQ101166|20231006|OPERATION BANCAIRE 17/01|0,00|7153,00|||20231006||
BQ|Banque|BQ00022|20230522|791000|Transferts de charges d'exploitation|||BQ057054|20230522|OPERATION BANCAIRE 07/01|1962,82|0,00|||20230523||
BQ|Banque|BQ00022|20230522|622700|Frais d'actes et de contentieux|||BQ057054|20230522|OPERATION BANCAIRE 07/01|0,00|1962,82|||20230523||
BQ|Banque|BQ00023|20231025|681500|Dot. provisions pour risques et charges d'exploitation|||BQ102377|20231025|CB 29/01 FOURNISSEUR|1865,27|0,00|||20231025||
BQ|Banque|BQ00023|20231025|518100|Interets courus a payer|||BQ102377|20231025|CB 29/01 FOURNISSEUR|0,00|1865,27|||20231025||
BQ|Banque|BQ00024|20230428|518100|Interets courus a payer|||BQ049178|20230428|VIREMENT 21/01 REF 27847669|717,09|0,00|||20230429||
BQ|Banque|BQ00024|20230428|631000|Impots, taxes et versements assimiles sur remunerations|||BQ049178|20230428|VIREMENT 21/01 REF 27847669|0,00|717,09|||20230429||
BQ|Banque|BQ00025|20231107|665000|Escomptes accordes|||BQ116205|20231107|CB 23/01 FOURNISSEUR|479,90|0,00|||20231107||
BQ|Banque|BQ00025|20231107|511000|Valeurs a l'encaissement|||BQ116205|20231107|CB 23/01 FOURNISSEUR|0,00|479,90|||20231107||
BQ|Banque|BQ00026|20231003|661000|Charges d'interets|||BQ109218|20231003|CB 09/02 FOURNISSEUR|89,16|0,00|||20231009||
BQ|Banque|BQ00026|20231003|455000|Associes - Comptes courants|||BQ109218|20231003|CB 09/02 FOURNISSEUR|0,00|89,16|||20231009||
BQ|Banque|BQ00027|20230721|517000|Autres organismes financiers|||BQ075656|20230721|VIREMENT 27/01 REF 11638339|703,63|0,00|||20230728||
BQ|Banque|BQ00027|20230721|511000|Valeurs a l'encaissement|||BQ075656|20230721|VIREMENT 27/01 REF 11638339|0,00|703,63|||20230728||
BQ|Banque|BQ00028|20231005|508000|Interets courus sur VMP|||BQ105943|20231005|VIREMENT 10/02 REF 78229597|408,98|0,00|||20231005||
BQ|Banque|BQ00028|20231005|658000|Charges diverses de gestion courante|||BQ105943|20231005|VIREMENT 10/02 REF 78229597|0,00|408,98|||20231005||
BQ|Banque|BQ00029|20231106|654000|Pertes sur creances irrecouvrables|||BQ114457|20231106|CB 20/01 FOURNISSEUR|966,70|0,00|||20231112||
BQ|Banque|BQ00029|20231106|455000|Associes - Comptes courants|||BQ114457|20231106|CB 20/01 FOURNISSEUR|0,00|966,70|||20231112||
BQ|Banque|BQ00030|20230602|512100|Banque secondaire|||BQ068100|20230602|VIREMENT 04/01 REF 79252633|658,73|0,00|||20230605||
BQ|Banque|BQ00030|20230602|613200|Locations immobilieres|||BQ068100|20230602|VIREMENT 04/01 REF 79252633|0,00|658,73|||20230605||
BQ|Banque|BQ00031|20231228|707000|Ventes de marchandises|||BQ123882|20231228|OPERATION BANCAIRE 20/02|836,21|0,00|||20231229||
BQ|Banque|BQ00031|20231228|213100|Constructions - Batiments|||BQ123882|20231228|OPERATION BANCAIRE 20/02|0,00|836,21|||20231229||
BQ|Banque|BQ00032|20230210|623400|Cadeaux a la clientele|||BQ023032|20230210|CB 08/02 FOURNISSEUR|275,09|0,00|||20230211||
BQ|Banque|BQ00032|20230210|500000|Valeurs mobilieres de placement|||BQ023032|20230210|CB 08/02 FOURNISSEUR|0,00|275,09|||20230211||
BQ|Banque|BQ00033|20231222|798000|Integration fiscale - Produits|||BQ127545|20231222|OPERATION BANCAIRE 29/01|415,16|0,00|||20231228||
BQ|Banque|BQ00033|20231222|445510|TVA a decaisser|||BQ127545|20231222|OPERATION BANCAIRE 29/01|0,00|415,16|||20231228||
BQ|Banque|BQ00034|20230530|695000|Impots sur les benefices|||BQ057170|20230530|CB 18/02 FOURNISSEUR|877,59|0,00|||20230605||
BQ|Banque|BQ00034|20230530|467000|Autres comptes debiteurs ou crediteurs|||BQ057170|20230530|CB 18/02 FOURNISSEUR|0,00|877,59|||20230605||
BQ|Banque|BQ00035|20230907|751000|Redevances pour concessions, brevets, licences, etc.|||BQ091321|20230907|OPERATION BANCAIRE 12/02|1568,08|0,00|||20230910||
BQ|Banque|BQ00035|20230907|687000|Dot. amort. et provisions exceptionnels|||BQ091321|20230907|OPERATION BANCAIRE 12/02|0,00|1568,08|||20230910||
BQ|Banque|BQ00036|20230623|530000|Caisse|||BQ063874|20230623|VIREMENT 25/01 REF 84070345|532,27|0,00|||20230628||
BQ|Banque|BQ00036|20230623|602200|Achats de fournitures consommables|||BQ063874|20230623|VIREMENT 25/01 REF 84070345|0,00|532,27|||20230628||
BQ|Banque|BQ00037|20230620|791000|Transferts de charges d'exploitation|||BQ065662|20230620|OPERATION BANCAIRE 20/02|726,14|0,00|||20230627||
BQ|Banque|BQ00037|20230620|416000|Clients douteux|||BQ065662|20230620|OPERATION BANCAIRE 20/02|0,00|726,14|||20230627||
BQ|Banque|BQ00038|20230807|518100|Interets courus a payer|||BQ082609|20230807|VIREMENT 07/02 REF 40311513|571,59|0,00|||20230812||
BQ|Banque|BQ00038|20230807|425000|Personnel - Avances et acomptes|||BQ082609|20230807|VIREMENT 07/02 REF 40311513|0,00|571,59|||20230812||
BQ|Banque|BQ00039|20230519|514000|Cheques postaux|||BQ051881|20230519|VIREMENT 18/02 REF 35562546|321,77|0,00|||20230519||
BQ|Banque|BQ00039|20230519|518100|Interets courus a payer|||BQ051881|20230519|VIREMENT 18/02 REF 35562546|0,00|321,77|||20230519||
BQ|Banque|BQ00040|20231110|602200|Achats de fournitures consommables|||BQ111023|20231110|CB 14/02 FOURNISSEUR|999,83|0,00|||20231110||
BQ|Banque|BQ00040|20231110|428200|Personnel - Conges payes|||BQ111023|20231110|CB 14/02 FOURNISSEUR|0,00|999,83|||20231110||
BQ|Banque|BQ00041|20230113|664000|Pertes sur cessions de valeurs mobilieres de placement|||BQ016064|20230113|CB 13/01 FOURNISSEUR|413,48|0,00|||20230116||
BQ|Banque|BQ00041|20230113|512100|Banque secondaire|||BQ016064|20230113|CB 13/01 FOURNISSEUR|0,00|413,48|||20230116||
BQ|Banque|BQ00042|20230522|514000|Cheques postaux|||BQ051267|20230522|VIREMENT 20/02 REF 63934900|901,51|0,00|||20230523||
BQ|Banque|BQ00042|20230522|421000|Personnel - Remunerations dues|||BQ051267|20230522|VIREMENT 20/02 REF 63934900|0,00|901,51|||20230523||
BQ|Banque|BQ00043|20230918|686500|Dot. provisions pour risques et charges financiers|||BQ093232|20230918|CB 20/01 FOURNISSEUR|1187,37|0,00|||20230923||
BQ|Banque|BQ00043|20230918|500000|Valeurs mobilieres de placement|||BQ093232|20230918|CB 20/01 FOURNISSEUR|0,00|1187,37|||20230923||
BQ|Banque|BQ00044|20230606|514000|Cheques postaux|||BQ066472|20230606|VIREMENT 22/01 REF 85284939|188,97|0,00|||20230610||
BQ|Banque|BQ00044|20230606|580000|Virements internes|||BQ066472|20230606|VIREMENT 22/01 REF 85284939|0,00|188,97|||20230610||
BQ|Banque|BQ00045|20230602|665000|Escomptes accordes|||BQ062397|20230602|CB 11/01 FOURNISSEUR|1693,92|0,00|||20230607||
BQ|Banque|BQ00045|20230602|431000|Securite sociale|||BQ062397|20230602|CB 11/01 FOURNISSEUR|0,00|1693,92|||20230607||
BQ|Banque|BQ00046|20230505|691000|Participation des salaries aux resultats|||BQ054119|20230505|CB 06/01 FOURNISSEUR|1568,09|0,00|||20230505||
BQ|Banque|BQ00046|20230505|487000|Produits constates d'avance|||BQ054119|20230505|CB 06/01 FOURNISSEUR|0,00|1568,09|||20230505||
BQ|Banque|BQ00047|20230505|606400|Fournitures administratives|||BQ055466|20230505|CB 04/01 FOURNISSEUR|1168,44|0,00|||20230508||
BQ|Banque|BQ00047|20230505|471000|Compte d'attente|||BQ055466|20230505|CB 04/01 FOURNISSEUR|0,00|1168,44|||20230508||
BQ|Banque|BQ00048|20230518|761000|Produits de participations|||BQ053227|20230518|OPERATION BANCAIRE 02/01|1751,63|0,00|||20230520||
BQ|Banque|BQ00048|20230518|647000|Autres charges sociales|||BQ053227|20230518|OPERATION BANCAIRE 02/01|0,00|1751,63|||20230520||
BQ|Banque|BQ00049|20230224|625600|Missions|||BQ023709|20230224|CB 08/02 FOURNISSEUR|1191,02|0,00|||20230225||
BQ|Banque|BQ00049|20230224|514000|Cheques postaux|||BQ023709|20230224|CB 08/02 FOURNISSEUR|0,00|1191,02|||20230225||
BQ|Banque|BQ00050|20231215|602260|Achats d'emballages|||BQ129374|20231215|CB 10/02 FOURNISSEUR|1730,42|0,00|||20231219||
BQ|Banque|BQ00050|20231215|580000|Virements internes|||BQ129374|20231215|CB 10/02 FOURNISSEUR|0,00|1730,42|||20231219||
BQ|Banque|BQ00051|20231102|687000|Dot. amort. et provisions exceptionnels|||BQ116922|20231102|CB 13/02 FOURNISSEUR|903,08|0,00|||20231102||
BQ|Banque|BQ00051|20231102|404000|Fournisseurs d'immobilisations|||BQ116922|20231102|CB 13/02 FOURNISSEUR|0,00|903,08|||20231102||
BQ|Banque|BQ00052|20230116|606100|Electricite, gaz, eau|||BQ019784|20230116|CB 22/01 FOURNISSEUR|1232,73|0,00|||20230121||
BQ|Banque|BQ00052|20230116|418100|Clients - Factures a etablir|||BQ019784|20230116|CB 22/01 FOURNISSEUR|0,00|1232,73|||20230121||
BQ|Banque|BQ00053|20230217|580000|Virements internes|||BQ026325|20230217|VIREMENT 06/02 REF 51872189|868,92|0,00|||20230220||
BQ|Banque|BQ00053|20230217|606300|Fournitures d'entretien et petit equipement|||BQ026325|20230217|VIREMENT 06/02 REF 51872189|0,00|868,92|||20230220||
BQ|Banque|BQ00054|20230110|408100|Fournisseurs - Factures non parvenues|||BQ014616|20230110|OPERATION BANCAIRE 03/01|248,79|0,00|||20230116||
BQ|Banque|BQ00054|20230110|445870|TVA sur factures a etablir|||BQ014616|20230110|OPERATION BANCAIRE 03/01|0,00|248,79|||20230116||
BQ|Banque|BQ00055|20230714|666000|Pertes de change|||BQ075028|20230714|CB 19/01 FOURNISSEUR|352,99|0,00|||20230714||
BQ|Banque|BQ00055|20230714|517000|Autres organismes financiers|||BQ075028|20230714|CB 19/01 FOURNISSEUR|0,00|352,99|||20230714||
BQ|Banque|BQ00056|20230228|615600|Maintenance|||BQ025414|20230228|CB 10/01 FOURNISSEUR|243,47|0,00|||20230228||
BQ|Banque|BQ00056|20230228|409100|Fournisseurs - Avances et acomptes verses|||BQ025414|20230228|CB 10/01 FOURNISSEUR|0,00|243,47|||20230228||
BQ|Banque|BQ00057|20230428|720000|Production immobilisee|||BQ049440|20230428|OPERATION BANCAIRE 16/02|432,35|0,00|||20230505||
BQ|Banque|BQ00057|20230428|654000|Pertes sur creances irrecouvrables|||BQ049440|20230428|OPERATION BANCAIRE 16/02|0,00|432,35|||20230505||
BQ|Banque|BQ00058|20230524|777000|Quote-part des subventions d'investissement viree au resultat|||BQ053775|20230524|OPERATION BANCAIRE 10/01|591,09|0,00|||20230526||
BQ|Banque|BQ00058|20230524|281350|Amort. installations generales|||BQ053775|20230524|OPERATION BANCAIRE 10/01|0,00|591,09|||20230526||
BQ|Banque|BQ00059|20230908|614000|Charges locatives|||BQ097901|20230908|CB 27/02 FOURNISSEUR|1053,00|0,00|||20230909||
BQ|Banque|BQ00059|20230908|512000|Banque principale|||BQ097901|20230908|CB 27/02 FOURNISSEUR|0,00|1053,00|||20230909||
BQ|Banque|BQ00060|20230921|666000|Pertes de change|||BQ099062|20230921|CB 18/01 FOURNISSEUR|384,34|0,00|||20230927||
BQ|Banque|BQ00060|20230921|445510|TVA a decaisser|||BQ099062|20230921|CB 18/01 FOURNISSEUR|0,00|384,34|||20230927||
BQ|Banque|BQ00061|20230501|681740|Dot. provisions sur creances|||BQ059032|20230501|CB 19/02 FOURNISSEUR|1919,15|0,00|||20230504||
BQ|Banque|BQ00061|20230501|427000|Personnel - Oppositions|||BQ059032|20230501|CB 19/02 FOURNISSEUR|0,00|1919,15|||20230504||
BQ|Banque|BQ00062|20231116|654000|Pertes sur creances irrecouvrables|||BQ118261|20231116|CB 22/02 FOURNISSEUR|456,40|0,00|||20231122||
BQ|Banque|BQ00062|20231116|418100|Clients - Factures a etablir|||BQ118261|20231116|CB 22/02 FOURNISSEUR|0,00|456,40|||20231122||
BQ|Banque|BQ00063|20230331|611000|Sous-traitance generale|||BQ036118|20230331|CB 09/01 FOURNISSEUR|711,02|0,00|||20230331||
BQ|Banque|BQ00063|20230331|518100|Interets courus a payer|||BQ036118|20230331|CB 09/01 FOURNISSEUR|0,00|711,02|||20230331||
BQ|Banque|BQ00064|20230511|633000|Impots, taxes et versements assimiles sur remunerations (autres organismes)|||BQ052303|20230511|CB 29/01 FOURNISSEUR|1917,55|0,00|||20230514||
BQ|Banque|BQ00064|20230511|517000|Autres organismes financiers|||BQ052303|20230511|CB 29/01 FOURNISSEUR|0,00|1917,55|||20230514||
BQ|Banque|BQ00065|20231222|616000|Primes d'assurance|||BQ128452|20231222|CB 28/01 FOURNISSEUR|931,14|0,00|||20231225||
BQ|Banque|BQ00065|20231222|425000|Personnel - Avances et acomptes|||BQ128452|20231222|CB 28/01 FOURNISSEUR|0,00|931,14|||20231225||
BQ|Banque|BQ00066|20230602|511000|Valeurs a l'encaissement|||BQ062340|20230602|VIREMENT 06/02 REF 74578439|390,33|0,00|||20230605||
BQ|Banque|BQ00066|20230602|231000|Immobilisations corporelles en cours|||BQ062340|20230602|VIREMENT 06/02 REF 74578439|0,00|390,33|||20230605||
BQ|Banque|BQ00067|20230526|627000|Services bancaires et assimiles|||BQ058889|20230526|CB 16/01 FOURNISSEUR|1498,88|0,00|||20230601||
BQ|Banque|BQ00067|20230526|512000|Banque principale|||BQ058889|20230526|CB 16/01 FOURNISSEUR|0,00|1498,88|||20230601||
BQ|Banque|BQ00068|20230915|707000|Ventes de marchandises|||BQ095486|20230915|OPERATION BANCAIRE 27/02|378,58|0,00|||20230917||
BQ|Banque|BQ00068|20230915|763000|Revenus des autres creances|||BQ095486|20230915|OPERATION BANCAIRE 27/02|0,00|378,58|||20230917||
BQ|Banque|BQ00069|20230214|781740|Reprises sur provisions sur creances|||BQ024177|20230214|OPERATION BANCAIRE 20/02|447,01|0,00|||20230215||
BQ|Banque|BQ00069|20230214|796000|Transferts de charges financieres|||BQ024177|20230214|OPERATION BANCAIRE 20/02|0,00|447,01|||20230215||
BQ|Banque|BQ00070|20230208|616000|Primes d'assurance|||BQ029411|20230208|CB 05/02 FOURNISSEUR|890,49|0,00|||20230209||
BQ|Banque|BQ00070|20230208|441000|Etat - Impot sur les benefices|||BQ029411|20230208|CB 05/02 FOURNISSEUR|0,00|890,49|||20230209||
BQ|Banque|BQ00071|20230522|615500|Entretien et reparations sur biens mobiliers|||BQ058325|20230522|CB 21/02 FOURNISSEUR|512,73|0,00|||20230524||
BQ|Banque|BQ00071|20230522|445620|TVA deductible sur immobilisations|||BQ058325|20230522|CB 21/02 FOURNISSEUR|0,00|512,73|||20230524||
BQ|Banque|BQ00072|20230214|618100|Documentation generale|||BQ028578|20230214|CB 19/02 FOURNISSEUR|1181,60|0,00|||20230218||
BQ|Banque|BQ00072|20230214|590000|Depreciation des valeurs mobilieres de placement|||BQ028578|20230214|CB 19/02 FOURNISSEUR|0,00|1181,60|||20230218||
BQ|Banque|BQ00073|20231208|409100|Fournisseurs - Avances et acomptes verses|||BQ129341|20231208|OPERATION BANCAIRE 28/01|899,43|0,00|||20231210||
BQ|Banque|BQ00073|20231208|622700|Frais d'actes et de contentieux|||BQ129341|20231208|OPERATION BANCAIRE 28/01|0,00|899,43|||20231210||
BQ|Banque|BQ00074|20230818|618100|Documentation generale|||BQ086456|20230818|CB 27/02 FOURNISSEUR|1861,81|0,00|||20230824||
BQ|Banque|BQ00074|20230818|409100|Fournisseurs - Avances et acomptes verses|||BQ086456|20230818|CB 27/02 FOURNISSEUR|0,00|1861,81|||20230824||
BQ|Banque|BQ00075|20231020|762000|Produits des autres immobilisations financieres|||BQ104707|20231020|OPERATION BANCAIRE 06/02|1122,22|0,00|||20231024||
BQ|Banque|BQ00075|20231020|281540|Amort. materiel industriel|||BQ104707|20231020|OPERATION BANCAIRE 06/02|0,00|1122,22|||20231024||
BQ|Banque|BQ00076|20231219|658000|Charges diverses de gestion courante|||BQ127895|20231219|CB 09/01 FOURNISSEUR|1160,59|0,00|||20231221||
BQ|Banque|BQ00076|20231219|517000|Autres organismes financiers|||BQ127895|20231219|CB 09/01 FOURNISSEUR|0,00|1160,59|||20231221||
BQ|Banque|BQ00077|20230125|701000|Ventes de produits finis|||BQ019607|20230125|OPERATION BANCAIRE 09/01|1947,04|0,00|||20230129||
BQ|Banque|BQ00077|20230125|218100|Installations generales, agencements divers|||BQ019607|20230125|OPERATION BANCAIRE 09/01|0,00|1947,04|||20230129||
BQ|Banque|BQ00078|20230126|633000|Impots, taxes et versements assimiles sur remunerations (autres organismes)|||BQ016306|20230126|CB 31/01 FOURNISSEUR|1956,29|0,00|||20230202||
BQ|Banque|BQ00078|20230126|518100|Interets courus a payer|||BQ016306|20230126|CB 31/01 FOURNISSEUR|0,00|1956,29|||20230202||
BQ|Banque|BQ00079|20230418|771000|Produits exceptionnels sur operations de gestion|||BQ046122|20230418|OPERATION BANCAIRE 03/02|1593,74|0,00|||20230424||
BQ|Banque|BQ00079|20230418|623400|Cadeaux a la clientele|||BQ046122|20230418|OPERATION BANCAIRE 03/02|0,00|1593,74|||20230424||
BQ|Banque|BQ00080|20231102|606100|Electricite, gaz, eau|||BQ112286|20231102|CB 15/01 FOURNISSEUR|786,80|0,00|||20231107||
BQ|Banque|BQ00080|20231102|508000|Interets courus sur VMP|||BQ112286|20231102|CB 15/01 FOURNISSEUR|0,00|786,80|||20231107||
BQ|Banque|BQ00081|20230819|618100|Documentation generale|||BQ083191|20230814|CB 12/01 FOURNISSEUR|1474,07|0,00|||20230816||
BQ|Banque|BQ00081|20230814|403000|Fournisseurs - Effets a payer|||BQ083191|20230814|CB 12/01 FOURNISSEUR|0,00|1474,07|||20230816||
BQ|Banque|BQ00082|20231117|622700|Frais d'actes et de contentieux|||BQ111090|20231117|CB 01/01 FOURNISSEUR|31,25|0,00|||20231120||
BQ|Banque|BQ00082|20231117|445870|TVA sur factures a etablir|||BQ111090|20231117|CB 01/01 FOURNISSEUR|0,00|31,25|||20231120||
BQ|Banque|BQ00083|20230412|763000|Revenus des autres creances|||BQ044195|20230412|OPERATION BANCAIRE 05/02|97,71|0,00|||20230419||
BQ|Banque|BQ00083|20230412|445870|TVA sur factures a etablir|||BQ044195|20230412|OPERATION BANCAIRE 05/02|0,00|97,71|||20230419||
BQ|Banque|BQ00084|20230331|740000|Subventions d'exploitation|||BQ039171|20230331|OPERATION BANCAIRE 28/01|763,35|0,00|||20230331||
BQ|Banque|BQ00084|20230331|518100|Interets courus a payer|||BQ039171|20230331|OPERATION BANCAIRE 28/01|0,00|763,35|||20230331||
BQ|Banque|BQ00085|20230918|633000|Impots, taxes et versements assimiles sur remunerations (autres organismes)|||BQ094313|20230918|CB 01/02 FOURNISSEUR|805,90|0,00|||20230922||
BQ|Banque|BQ00085|20230918|517000|Autres organismes financiers|||BQ094313|20230918|CB 01/02 FOURNISSEUR|0,00|805,90|||20230922||
BQ|Banque|BQ00086|20230908|764000|Revenus des valeurs mobilieres de placement|||BQ095391|20230908|OPERATION BANCAIRE 07/02|740,29|0,00|||20230911||
BQ|Banque|BQ00086|20230908|675000|Valeurs comptables des elements d'actif cedes|||BQ095391|20230908|OPERATION BANCAIRE 07/02|0,00|740,29|||20230911||
BQ|Banque|BQ00087|20231207|530000|Caisse|||BQ123336|20231207|VIREMENT 14/02 REF 15787620|767,36|0,00|||20231212||
BQ|Banque|BQ00087|20231207|512100|Banque secondaire|||BQ123336|20231207|VIREMENT 14/02 REF 15787620|0,00|767,36|||20231212||
BQ|Banque|BQ00088|20230404|675000|Valeurs comptables des elements d'actif cedes|||BQ045757|20230404|CB 22/02 FOURNISSEUR|640,37|0,00|||20230409||
BQ|Banque|BQ00088|20230404|580000|Virements internes|||BQ045757|20230404|CB 22/02 FOURNISSEUR|0,00|640,37|||20230409||
BQ|Banque|BQ00089|20231218|641000|Remunerations du personnel|||BQ126084|20231218|CB 12/02 FOURNISSEUR|159,10|0,00|||20231222||
BQ|Banque|BQ00089|20231218|445670|TVA collectee|||BQ126084|20231218|CB 12/02 FOURNISSEUR|0,00|159,10|||20231222||
BQ|Banque|BQ00090|20231026|618500|Frais de colloques, seminaires, conferences|||BQ106631|20231026|CB 14/01 FOURNISSEUR|1652,21|0,00|||20231029||
BQ|Banque|BQ00090|20231026|518700|Interets courus a recevoir|||BQ106631|20231026|CB 14/01 FOURNISSEUR|0,00|1652,21|||20231029||
BQ|Banque|BQ00091|20230314|664000|Pertes sur cessions de valeurs mobilieres de placement|||BQ039052|20230314|CB 14/02 FOURNISSEUR|455,66|0,00|||20230316||
BQ|Banque|BQ00091|20230314|500000|Valeurs mobilieres de placement|||BQ039052|20230314|CB 14/02 FOURNISSEUR|0,00|455,66|||20230316||
BQ|Banque|BQ00092|20231222|614000|Charges locatives|||BQ121394|20231222|CB 08/01 FOURNISSEUR|1798,78|0,00|||20231229||
BQ|Banque|BQ00092|20231222|590000|Depreciation des valeurs mobilieres de placement|||BQ121394|20231222|CB 08/01 FOURNISSEUR|0,00|1798,78|||20231229||
BQ|Banque|BQ00093|20231213|781500|Reprises sur provisions pour risques et charges d'exploitation|||BQ121675|20231213|OPERATION BANCAIRE 12/02|927,01|0,00|||20231220||
BQ|Banque|BQ00093|20231213|201000|Frais d'etablissement|||BQ121675|20231213|OPERATION BANCAIRE 12/02|0,00|927,01|||20231220||
BQ|Banque|BQ00094|20231117|606400|Fournitures administratives|||BQ118738|20231117|CB 24/01 FOURNISSEUR|1145,90|0,00|||20231121||
BQ|Banque|BQ00094|20231117|445710|TVA collectee a payer|||BQ118738|20231117|CB 24/01 FOURNISSEUR|0,00|1145,90|||20231121||
BQ|Banque|BQ00095|20231221|625700|Receptions|||BQ121789|20231221|CB 17/02 FOURNISSEUR|1529,43|0,00|||20231227||
BQ|Banque|BQ00095|20231221|511000|Valeurs a l'encaissement|||BQ121789|20231221|CB 17/02 FOURNISSEUR|0,00|1529,43|||20231227||
BQ|Banque|BQ00096|20230701|419100|Clients - Avances et acomptes recus|||BQ069056|20230630|OPERATION BANCAIRE 21/01|796,64|0,00|||20230701||
BQ|Banque|BQ00096|20230630|165000|Depots et cautionnements recus|||BQ069056|20230630|OPERATION BANCAIRE 21/01|0,00|796,64|||20230701||
BQ|Banque|BQ00097|20230424|706000|Prestations de services|||BQ047292|20230424|OPERATION BANCAIRE 20/01|953,13|0,00|||20230425||
BQ|Banque|BQ00097|20230424|467000|Autres comptes debiteurs ou crediteurs|||BQ047292|20230424|OPERATION BANCAIRE 20/01|0,00|953,13|||20230425||
BQ|Banque|BQ00098|20230602|621000|Personnel exterieur a l'entreprise|||BQ068105|20230602|CB 20/02 FOURNISSEUR|1061,00|0,00|||20230605||
BQ|Banque|BQ00098|20230602|425000|Personnel - Avances et acomptes|||BQ068105|20230602|CB 20/02 FOURNISSEUR|0,00|1061,00|||20230605||
BQ|Banque|BQ00099|20230119|631000|Impots, taxes et versements assimiles sur remunerations|||BQ012448|20230119|CB 27/01 FOURNISSEUR|1346,91|0,00|||20230124||
BQ|Banque|BQ00099|20230119|467000|Autres comptes debiteurs ou crediteurs|||BQ012448|20230119|CB 27/01 FOURNISSEUR|0,00|1346,91|||20230124||
BQ|Banque|BQ00100|20231124|767000|Produits nets sur cessions de valeurs mobilieres de placement|||BQ117945|20231124|OPERATION BANCAIRE 20/01|1557,62|0,00|||20231124||
BQ|Banque|BQ00100|20231124|763000|Revenus des autres creances|||BQ117945|20231124|OPERATION BANCAIRE 20/01|0,00|1557,62|||20231124||
BQ|Banque|BQ00101|20230113|777000|Quote-part des subventions d'investissement viree au resultat|||BQ015339|20230113|OPERATION BANCAIRE 26/01|108,16|0,00|||20230115||
BQ|Banque|BQ00101|20230113|371000|Stock de marchandises|||BQ015339|20230113|OPERATION BANCAIRE 26/01|0,00|108,16|||20230115||
BQ|Banque|BQ00102|20230401|627000|Services bancaires et assimiles|||BQ035146|20230329|CB 06/02 FOURNISSEUR|920,51|0,00|||20230404||
BQ|Banque|BQ00102|20230329|467000|Autres comptes debiteurs ou crediteurs|||BQ035146|20230329|CB 06/02 FOURNISSEUR|0,00|920,51|||20230404||
BQ|Banque|BQ00103|20230911|409100|Fournisseurs - Avances et acomptes verses|||BQ099940|20230911|OPERATION BANCAIRE 18/02|980,70|0,00|||20230911||
BQ|Banque|BQ00103|20230911|491000|Depreciation des comptes clients|||BQ099940|20230911|OPERATION BANCAIRE 18/02|0,00|980,70|||20230911||
BQ|Banque|BQ00104|20230915|606100|Electricite, gaz, eau|||BQ093898|20230915|CB 11/02 FOURNISSEUR|1578,00|0,00|||20230918||
BQ|Banque|BQ00104|20230915|445620|TVA deductible sur immobilisations|||BQ093898|20230915|CB 11/02 FOURNISSEUR|0,00|1578,00|||20230918||
BQ|Banque|BQ00105|20231215|408400|Fournisseurs d'immobilisations - Factures non parvenues|||BQ121332|20231215|OPERATION BANCAIRE 23/01|521,00|0,00|||20231217||
BQ|Banque|BQ00105|20231215|281840|Amort. mobilier|||BQ121332|20231215|OPERATION BANCAIRE 23/01|0,00|521,00|||20231217||
BQ|Banque|BQ00106|20230218|681110|Dot. amort. sur immo. incorporelles|||BQ023846|20230217|CB 01/02 FOURNISSEUR|1346,98|0,00|||20230220||
BQ|Banque|BQ00106|20230217|409100|Fournisseurs - Avances et acomptes verses|||BQ023846|20230217|CB 01/02 FOURNISSEUR|0,00|1346,98|||20230220||
BQ|Banque|BQ00107|20230217|615200|Entretien et reparations sur biens immobiliers|||BQ028802|20230217|CB 07/02 FOURNISSEUR|1883,65|0,00|||20230218||
BQ|Banque|BQ00107|20230217|428200|Personnel - Conges payes|||BQ028802|20230217|CB 07/02 FOURNISSEUR|0,00|1883,65|||20230218||
BQ|Banque|BQ00108|20231201|614000|Charges locatives|||BQ125514|20231201|CB 31/01 FOURNISSEUR|488,52|0,00|||20231207||
BQ|Banque|BQ00108|20231201|416000|Clients douteux|||BQ125514|20231201|CB 31/01 FOURNISSEUR|0,00|488,52|||20231207||
BQ|Banque|BQ00109|20230120|687000|Dot. amort. et provisions exceptionnels|||BQ014774|20230120|CB 07/01 FOURNISSEUR|1832,54|0,00|||20230122||
BQ|Banque|BQ00109|20230120|408100|Fournisseurs - Factures non parvenues|||BQ014774|20230120|CB 07/01 FOURNISSEUR|0,00|1832,54|||20230122||
BQ|Banque|BQ00110|20230626|613200|Locations immobilieres|||BQ062144|20230626|CB 25/02 FOURNISSEUR|1675,89|0,00|||20230628||
BQ|Banque|BQ00110|20230626|512100|Banque secondaire|||BQ062144|20230626|CB 25/02 FOURNISSEUR|0,00|1675,89|||20230628||
BQ|Banque|BQ00111|20230823|777000|Quote-part des subventions d'investissement viree au resultat|||BQ085138|20230823|OPERATION BANCAIRE 02/01|1592,09|0,00|||20230824||
BQ|Banque|BQ00111|20230823|355000|Produits finis (groupe)|||BQ085138|20230823|OPERATION BANCAIRE 02/01|0,00|1592,09|||20230824||
BQ|Banque|BQ00112|20230516|622700|Frais d'actes et de contentieux|||BQ055806|20230516|CB 27/02 FOURNISSEUR|1161,53|0,00|||20230521||
BQ|Banque|BQ00112|20230516|408100|Fournisseurs - Factures non parvenues|||BQ055806|20230516|CB 27/02 FOURNISSEUR|0,00|1161,53|||20230521||
BQ|Banque|BQ00113|20231214|602260|Achats d'emballages|||BQ126513|20231214|CB 07/01 FOURNISSEUR|758,76|0,00|||20231219||
BQ|Banque|BQ00113|20231214|421000|Personnel - Remunerations dues|||BQ126513|20231214|CB 07/01 FOURNISSEUR|0,00|758,76|||20231219||
BQ|Banque|BQ00114|20230106|764000|Revenus des valeurs mobilieres de placement|||BQ019482|20230106|OPERATION BANCAIRE 05/02|1698,29|0,00|||20230109||
BQ|Banque|BQ00114|20230106|165000|Depots et cautionnements recus|||BQ019482|20230106|OPERATION BANCAIRE 05/02|0,00|1698,29|||20230109||
BQ|Banque|BQ00115|20230609|666000|Pertes de change|||BQ068399|20230609|CB 25/01 FOURNISSEUR|1849,93|0,00|||20230611||
BQ|Banque|BQ00115|20230609|518700|Interets courus a recevoir|||BQ068399|20230609|CB 25/01 FOURNISSEUR|0,00|1849,93|||20230611||
BQ|Banque|BQ00116|20230623|766000|Gains de change|||BQ065644|20230623|OPERATION BANCAIRE 06/01|476,94|0,00|||20230630||
BQ|Banque|BQ00116|20230623|203000|Frais de recherche et developpement|||BQ065644|20230623|OPERATION BANCAIRE 06/01|0,00|476,94|||20230630||
BQ|Banque|BQ00117|20231205|615500|Entretien et reparations sur biens mobiliers|||BQ122117|20231205|CB 05/02 FOURNISSEUR|1132,81|0,00|||20231209||
BQ|Banque|BQ00117|20231205|451000|Groupe|||BQ122117|20231205|CB 05/02 FOURNISSEUR|0,00|1132,81|||20231209||
BQ|Banque|BQ00118|20230526|602100|Achats de matieres consommables|||BQ056067|20230526|CB 19/02 FOURNISSEUR|350,45|0,00|||20230530||
BQ|Banque|BQ00118|20230526|467000|Autres comptes debiteurs ou crediteurs|||BQ056067|20230526|CB 19/02 FOURNISSEUR|0,00|350,45|||20230530||
BQ|Banque|BQ00119|20230519|645000|Charges de securite sociale et de prevoyance|||BQ052116|20230519|CB 05/01 FOURNISSEUR|924,82|0,00|||20230524||
BQ|Banque|BQ00119|20230519|408100|Fournisseurs - Factures non parvenues|||BQ052116|20230519|CB 05/01 FOURNISSEUR|0,00|924,82|||20230524||
BQ|Banque|BQ00120|20230602|713000|Variation des stocks|||BQ066727|20230602|OPERATION BANCAIRE 03/01|819,66|0,00|||20230606||
BQ|Banque|BQ00120|20230602|601000|Achats de matieres premieres|||BQ066727|20230602|OPERATION BANCAIRE 03/01|0,00|819,66|||20230606||
BQ|Banque|BQ00121|20231006|661000|Charges d'interets|||BQ109806|20231006|CB 22/01 FOURNISSEUR|823,21|0,00|||20231010||
BQ|Banque|BQ00121|20231006|451000|Groupe|||BQ109806|20231006|CB 22/01 FOURNISSEUR|0,00|823,21|||20231010||
BQ|Banque|BQ00122|20230508|720000|Production immobilisee|||BQ058737|20230508|OPERATION BANCAIRE 22/01|1038,67|0,00|||20230514||
BQ|Banque|BQ00122|20230508|765000|Escomptes obtenus|||BQ058737|20230508|OPERATION BANCAIRE 22/01|0,00|1038,67|||20230514||
BQ|Banque|BQ00123|20230308|681500|Dot. provisions pour risques et charges d'exploitation|||BQ037981|20230308|CB 18/02 FOURNISSEUR|162,67|0,00|||20230310||
BQ|Banque|BQ00123|20230308|445670|TVA collectee|||BQ037981|20230308|CB 18/02 FOURNISSEUR|0,00|162,67|||20230310||
BQ|Banque|BQ00124|20231220|786500|Reprises sur provisions pour risques et charges financiers|||BQ123220|20231220|OPERATION BANCAIRE 15/02|1487,62|0,00|||20231221||
BQ|Banque|BQ00124|20231220|445710|TVA collectee a payer|||BQ123220|20231220|OPERATION BANCAIRE 15/02|0,00|1487,62|||20231221||
BQ|Banque|BQ00125|20230103|651000|Redevances pour concessions, brevets, licences, etc.|||BQ019307|20230103|CB 24/01 FOURNISSEUR|1018,69|0,00|||20230106||
BQ|Banque|BQ00125|20230103|518100|Interets courus a payer|||BQ019307|20230103|CB 24/01 FOURNISSEUR|0,00|1018,69|||20230106||
BQ|Banque|BQ00126|20231219|664000|Pertes sur cessions de valeurs mobilieres de placement|||BQ125095|20231219|CB 14/02 FOURNISSEUR|756,26|0,00|||20231226||
BQ|Banque|BQ00126|20231219|445670|TVA collectee|||BQ125095|20231219|CB 14/02 FOURNISSEUR|0,00|756,26|||20231226||
BQ|Banque|BQ00127|20231201|642000|Remunerations des dirigeants|||BQ122140|20231201|CB 20/02 FOURNISSEUR|1515,95|0,00|||20231203||
BQ|Banque|BQ00127|20231201|408400|Fournisseurs d'immobilisations - Factures non parvenues|||BQ122140|20231201|CB 20/02 FOURNISSEUR|0,00|1515,95|||20231203||
BQ|Banque|BQ00128|20231109|666000|Pertes de change|||BQ119190|20231109|CB 16/01 FOURNISSEUR|1837,36|0,00|||20231113||
BQ|Banque|BQ00128|20231109|451000|Groupe|||BQ119190|20231109|CB 16/01 FOURNISSEUR|0,00|1837,36|||20231113||
BQ|Banque|BQ00129|20231201|518700|Interets courus a recevoir|||BQ127605|20231201|VIREMENT 03/01 REF 23335607|41,22|0,00|||20231206||
BQ|Banque|BQ00129|20231201|681500|Dot. provisions pour risques et charges d'exploitation|||BQ127605|20231201|VIREMENT 03/01 REF 23335607|0,00|41,22|||20231206||
BQ|Banque|BQ00130|20230112|623100|Annonces et insertions|||BQ012902|20230112|CB 13/02 FOURNISSEUR|1560,89|0,00|||20230117||
BQ|Banque|BQ00130|20230112|445520|TVA due intracommunautaire|||BQ012902|20230112|CB 13/02 FOURNISSEUR|0,00|1560,89|||20230117||
BQ|Banque|BQ00131|20230707|418100|Clients - Factures a etablir|||BQ071309|20230707|OPERATION BANCAIRE 30/01|732,39|0,00|||20230712||
BQ|Banque|BQ00131|20230707|218200|Materiel de transport|||BQ071309|20230707|OPERATION BANCAIRE 30/01|0,00|732,39|||20230712||
BQ|Banque|BQ00132|20230413|764000|Revenus des valeurs mobilieres de placement|||BQ042871|20230413|OPERATION BANCAIRE 20/01|1403,08|0,00|||20230417||
BQ|Banque|BQ00132|20230413|615600|Maintenance|||BQ042871|20230413|OPERATION BANCAIRE 20/01|0,00|1403,08|||20230417||
BQ|Banque|BQ00133|20230502|762000|Produits des autres immobilisations financieres|||BQ055735|20230502|OPERATION BANCAIRE 06/01|860,46|0,00|||20230509||
BQ|Banque|BQ00133|20230502|425000|Personnel - Avances et acomptes|||BQ055735|20230502|OPERATION BANCAIRE 06/01|0,00|860,46|||20230509||
BQ|Banque|BQ00134|20231021|665000|Escomptes accordes|||BQ101179|20231020|CB 14/01 FOURNISSEUR|60,59|0,00|||20231027||
BQ|Banque|BQ00134|20231021|468600|Charges a payer|||BQ101179|20231020|CB 14/01 FOURNISSEUR|0,00|60,59|||20231027||
BQ|Banque|BQ00135|20231209|758000|Produits divers de gestion courante|||BQ121818|20231207|OPERATION BANCAIRE 10/02|695,15|0,00|||20231213||
BQ|Banque|BQ00135|20231207|618100|Documentation generale|||BQ121818|20231207|OPERATION BANCAIRE 10/02|0,00|695,15|||20231213||
BQ|Banque|BQ00136|20230426|665000|Escomptes accordes|||BQ042744|20230426|CB 16/02 FOURNISSEUR|1313,91|0,00|||20230503||
BQ|Banque|BQ00136|20230426|512100|Banque secondaire|||BQ042744|20230426|CB 16/02 FOURNISSEUR|0,00|1313,91|||20230503||
BQ|Banque|BQ00137|20230220|695000|Impots sur les benefices|||BQ028138|20230220|CB 21/01 FOURNISSEUR|473,81|0,00|||20230226||
BQ|Banque|BQ00137|20230220|491000|Depreciation des comptes clients|||BQ028138|20230220|CB 21/01 FOURNISSEUR|0,00|473,81|||20230226||
BQ|Banque|BQ00138|20231027|798000|Integration fiscale - Produits|||BQ102024|20231027|OPERATION BANCAIRE 15/01|824,84|0,00|||20231027||
BQ|Banque|BQ00138|20231028|211000|Terrains|||BQ102024|20231027|OPERATION BANCAIRE 15/01|0,00|824,84|||20231027||
BQ|Banque|BQ00139|20231228|613500|Locations mobilieres|||BQ123441|20231228|CB 24/02 FOURNISSEUR|992,33|0,00|||20231231||
BQ|Banque|BQ00139|20231228|444000|Etat - Impots sur les benefices|||BQ123441|20231228|CB 24/02 FOURNISSEUR|0,00|992,33|||20231231||
BQ|Banque|BQ00140|20230922|606400|Fournitures administratives|||BQ093443|20230922|CB 05/01 FOURNISSEUR|1443,00|0,00|||20230926||
BQ|Banque|BQ00140|20230922|427000|Personnel - Oppositions|||BQ093443|20230922|CB 05/01 FOURNISSEUR|0,00|1443,00|||20230926||
BQ|Banque|BQ00141|20230529|602200|Achats de fournitures consommables|||BQ053563|20230529|CB 04/01 FOURNISSEUR|163,09|0,00|||20230531||
BQ|Banque|BQ00141|20230529|451000|Groupe|||BQ053563|20230529|CB 04/01 FOURNISSEUR|0,00|163,09|||20230531||
BQ|Banque|BQ00142|20230325|681740|Dot. provisions sur creances|||BQ038412|20230324|CB 09/02 FOURNISSEUR|771,12|0,00|||20230329||
BQ|Banque|BQ00142|20230324|421000|Personnel - Remunerations dues|||BQ038412|20230324|CB 09/02 FOURNISSEUR|0,00|771,12|||20230329||
BQ|Banque|BQ00143|20230322|675000|Valeurs comptables des elements d'actif cedes|||BQ035716|20230322|CB 03/01 FOURNISSEUR|323,94|0,00|||20230323||
BQ|Banque|BQ00143|20230322|416000|Clients douteux|||BQ035716|20230322|CB 03/01 FOURNISSEUR|0,00|323,94|||20230323||
CA|Caisse|CA00001|20231103|698000|Integration fiscale - Charges|||CA112238|20231103|OPERATION DIVERSE 02/01/2025|454,73|0,00|||20231109||
CA|Caisse|CA00001|20231103|427000|Personnel - Oppositions|||CA112238|20231103|OPERATION DIVERSE 02/01/2025|0,00|454,73|||20231109||
CA|Caisse|CA00002|20231027|761000|Produits de participations|||CA101559|20231027|OPERATION DIVERSE 23/02/2025|424,68|0,00|||20231102||
CA|Caisse|CA00002|20231027|602100|Achats de matieres consommables|||CA101559|20231027|OPERATION DIVERSE 23/02/2025|0,00|424,68|||20231102||
CA|Caisse|CA00003|20231229|467000|Autres comptes debiteurs ou crediteurs|||CA121576|20231229|OPERATION DIVERSE 24/02/2025|784,91|0,00|||20231229||
CA|Caisse|CA00003|20231229|280500|Amort. logiciels|||CA121576|20231229|OPERATION DIVERSE 24/02/2025|0,00|784,91|||20231229||
CA|Caisse|CA00004|20230811|517000|Autres organismes financiers|||CA088321|20230811|OPERATION DIVERSE 08/01/2025|302,40|0,00|||20230813||
CA|Caisse|CA00004|20230811|471000|Compte d'attente|||CA088321|20230811|OPERATION DIVERSE 08/01/2025|0,00|302,40|||20230813||
CA|Caisse|CA00005|20231226|512000|Banque principale|||CA125361|20231226|OPERATION DIVERSE 21/02/2025|4999,24|0,00|||20231226||
CA|Caisse|CA00005|20231226|618500|Frais de colloques, seminaires, conferences|||CA125361|20231226|OPERATION DIVERSE 21/02/2025|0,00|4999,24|||20231226||
CA|Caisse|CA00006|20230922|350000|Produits finis|||CA092761|20230922|OPERATION DIVERSE 25/01/2025|363,55|0,00|||20230928||
CA|Caisse|CA00006|20230922|786500|Reprises sur provisions pour risques et charges financiers|||CA092761|20230922|OPERATION DIVERSE 25/01/2025|0,00|363,55|||20230928||
CA|Caisse|CA00007|20230404|201000|Frais d'etablissement|||CA046677|20230404|OPERATION DIVERSE 02/02/2025|11153,53|0,00|||20230409||
CA|Caisse|CA00007|20230404|512000|Banque principale|||CA046677|20230404|OPERATION DIVERSE 02/02/2025|0,00|11153,53|||20230409||
CA|Caisse|CA00008|20231129|614000|Charges locatives|||CA115350|20231129|OPERATION DIVERSE 01/02/2025|1463,62|0,00|||20231203||
CA|Caisse|CA00008|20231129|445660|TVA deductible sur ABS|||CA115350|20231129|OPERATION DIVERSE 01/02/2025|0,00|1463,62|||20231203||
CA|Caisse|CA00009|20231209|350000|Produits finis|||CA129146|20231207|OPERATION DIVERSE 23/02/2025|417,35|0,00|||20231214||
CA|Caisse|CA00009|20231207|602200|Achats de fournitures consommables|||CA129146|20231207|OPERATION DIVERSE 23/02/2025|0,00|417,35|||20231214||
CA|Caisse|CA00010|20230922|201000|Frais d'etablissement|||CA099864|20230922|OPERATION DIVERSE 15/01/2025|14669,46|0,00|||20230923||
CA|Caisse|CA00010|20230922|512000|Banque principale|||CA099864|20230922|OPERATION DIVERSE 15/01/2025|0,00|14669,46|||20230923||
CA|Caisse|CA00011|20231004|647000|Autres charges sociales|||CA109773|20231004|OPERATION DIVERSE 25/01/2025|1462,20|0,00|||20231006||
CA|Caisse|CA00011|20231004|491000|Depreciation des comptes clients|||CA109773|20231004|OPERATION DIVERSE 25/01/2025|0,00|1462,20|||20231006||
CA|Caisse|CA00012|20230531|101000|Capital social|||VE014747|20230531|OPERATION DIVERSE 26/02/2025|609,52|0,00|||20230604||
CA|Caisse|CA00012|20230531|281810|Amort. installations generales|||CA054468|20230531|OPERATION DIVERSE 26/02/2025|0,00|609,52|||20230604||
CA|Caisse|CA00013|20230707|777000|Quote-part des subventions d'investissement viree au resultat|||CA077079|20230707|OPERATION DIVERSE 08/02/2025|1975,00|0,00|||20230708||
CA|Caisse|CA00013|20230707|781500|Reprises sur provisions pour risques et charges d'exploitation|||CA077079|20230707|OPERATION DIVERSE 08/02/2025|0,00|1975,00|||20230708||
CA|Caisse|CA00014|20230117|681110|Dot. amort. sur immo. incorporelles|||AC033347|20230117|OPERATION DIVERSE 24/01/2025|1768,26|0,00|||20230121||
CA|Caisse|CA00014|20230121|404000|Fournisseurs d'immobilisations|||CA018273|20230117|OPERATION DIVERSE 24/01/2025|0,00|1768,26|||20230121||
CA|Caisse|CA00015|20230626|613200|Locations immobilieres|||CA066905|20230626|OPERATION DIVERSE 26/01/2025|93,87|0,00|||20230702||
CA|Caisse|CA00015|20230701|401000|Fournisseurs|F00008|TRANSPORT EXPRESS|CA066905|20230626|OPERATION DIVERSE 26/01/2025|0,00|93,87|||20230702||
CA|Caisse|CA00016|20230106|445660|TVA deductible sur ABS|||CA013277|20230106|OPERATION DIVERSE 09/02/2025|975,72|0,00|||20230110||
CA|Caisse|CA00016|20230106|651000|Redevances pour concessions, brevets, licences, etc.|||CA013277|20230106|OPERATION DIVERSE 09/02/2025|0,00|975,72|||20230110||
CA|Caisse|CA00017|20230724|691000|Participation des salaries aux resultats|||CA078273|20230724|OPERATION DIVERSE 10/01/2025|76,49|0,00|||20230727||
CA|Caisse|CA00017|20230724|418100|Clients - Factures a etablir|||CA078273|20230724|OPERATION DIVERSE 10/01/2025|0,00|76,49|||20230727||
CA|Caisse|CA00018|20231003|709000|Rabais, remises et ristournes accordes|||CA103991|20231003|OPERATION DIVERSE 13/01/2025|1300,60|0,00|||20231008||
CA|Caisse|CA00018|20231003|451000|Groupe|||CA103991|20231003|OPERATION DIVERSE 13/01/2025|0,00|1300,60|||20231008||
CA|Caisse|CA00019|20230927|455000|Associes - Comptes courants|||CA093212|20230927|OPERATION DIVERSE 22/01/2025|288,35|0,00|||20230930||
CA|Caisse|CA00019|20230927|623400|Cadeaux a la clientele|||CA093212|20230927|OPERATION DIVERSE 22/01/2025|0,00|288,35|||20230930||
CA|Caisse|CA00020|20230317|512000|Banque principale|||CA038513|20230317|OPERATION DIVERSE 08/02/2025|2705,59|0,00|||20230323||
CA|Caisse|CA00020|20230317|602100|Achats de matieres consommables|||CA038513|20230317|OPERATION DIVERSE 08/02/2025|0,00|2705,59|||20230323||
CA|Caisse|CA00021|20231206|508000|Interets courus sur VMP|||CA127489|20231206|OPERATION DIVERSE 22/02/2025|35,16|0,00|||20231210||
CA|Caisse|CA00021|20231206|370000|Marchandises|||CA127489|20231206|OPERATION DIVERSE 22/02/2025|0,00|35,16|||20231210||
CA|Caisse|CA00022|20230605|281830|Amort. materiel de bureau|||CA068636|20230605|OPERATION DIVERSE 16/01/2025|19304,71|0,00|||20230606||
CA|Caisse|CA00022|20230605|512100|Banque secondaire|||CA068636|20230605|OPERATION DIVERSE 16/01/2025|0,00|19304,71|||20230606||
CA|Caisse|CA00023|20230125|280500|Amort. logiciels|||CA014839|20230125|OPERATION DIVERSE 04/01/2025|2376,69|0,00|||20230126||
CA|Caisse|CA00023|20230125|512000|Banque principale|||CA014839|20230125|OPERATION DIVERSE 04/01/2025|0,00|2376,69|||20230126||
CA|Caisse|CA00024|20230403|491000|Depreciation des comptes clients|||CA047812|20230403|OPERATION DIVERSE 17/01/2025|731,47|0,00|||20230406||
CA|Caisse|CA00024|20230403|681120|Dot. amort. sur immo. corporelles|||CA047812|20230403|OPERATION DIVERSE 17/01/2025|0,00|731,47|||20230406||
CA|Caisse|CA00025|20230530|681120|Dot. amort. sur immo. corporelles|||CA054654|20230530|OPERATION DIVERSE 31/01/2025|273,00|0,00|||20230601||
CA|Caisse|CA00025|20230530|447100|Autres impots, taxes et versements assimiles|||CA054654|20230530|OPERATION DIVERSE 31/01/2025|0,00|273,00|||20230601||
CA|Caisse|CA00026|20230929|201000|Frais d'etablissement|||CA094811|20230929|OPERATION DIVERSE 17/01/2025|3219,23|0,00|||20231002||
CA|Caisse|CA00026|20230929|512000|Banque principale|||CA094811|20230929|OPERATION DIVERSE 17/01/2025|0,00|3219,23|||20231002||
CA|Caisse|CA00027|20230815|681110|Dot. amort. sur immo. incorporelles|||CA081012|20230815|OPERATION DIVERSE 03/02/2025|234,51|0,00|||20230818||
CA|Caisse|CA00027|20230815|486000|Charges constatees d'avance|||CA081012|20230815|OPERATION DIVERSE 03/02/2025|0,00|234,51|||20230818||
CA|Caisse|CA00028|20231208|642000|Remunerations des dirigeants|||CA123914|20231208|OPERATION DIVERSE 09/02/2025|800,36|0,00|||20231209||
CA|Caisse|CA00028|20231208|467000|Autres comptes debiteurs ou crediteurs|||CA123914|20231208|OPERATION DIVERSE 09/02/2025|0,00|800,36|||20231209||
CA|Caisse|CA00029|20230509|508000|Interets courus sur VMP|||CA056979|20230509|OPERATION DIVERSE 08/02/2025|848,19|0,00|||20230516||
CA|Caisse|CA00029|20230509|602100|Achats de matieres consommables|||CA056979|20230509|OPERATION DIVERSE 08/02/2025|0,00|848,19|||20230516||
CA|Caisse|CA00030|20230209|631000|Impots, taxes et versements assimiles sur remunerations|||CA023752|20230209|OPERATION DIVERSE 09/02/2025|957,75|0,00|||20230215||
CA|Caisse|CA00030|20230209|447100|Autres impots, taxes et versements assimiles|||CA023752|20230209|OPERATION DIVERSE 09/02/2025|0,00|957,75|||20230215||
CA|Caisse|CA00031|20230912|419100|Clients - Avances et acomptes recus|||CA098876|20230912|OPERATION DIVERSE 29/01/2025|155,17|0,00|||20230917||
CA|Caisse|CA00031|20230912|471000|Compte d'attente|||CA098876|20230912|OPERATION DIVERSE 29/01/2025|0,00|155,17|||20230917||
CA|Caisse|CA00032|20231215|623000|Publicite, publications, relations publiques|||CA126136|20231215|OPERATION DIVERSE 11/02/2025|1101,09|0,00|||20231221||
CA|Caisse|CA00032|20231215|580000|Virements internes|||CA126136|20231215|OPERATION DIVERSE 11/02/2025|0,00|1101,09|||20231221||
CA|Caisse|CA00033|20230324|445870|TVA sur factures a etablir|||CA035285|20230324|OPERATION DIVERSE 10/01/2025|649,35|0,00|||20230329||
CA|Caisse|CA00033|20230324|131800|Autres subventions d'investissement|||CA035285|20230324|OPERATION DIVERSE 10/01/2025|0,00|649,35|||20230329||
CA|Caisse|CA00034|20230120|437000|Autres organismes sociaux|||CA015289|20230120|OPERATION DIVERSE 13/01/2025|890,52|0,00|||20230127||
CA|Caisse|CA00034|20230120|445620|TVA deductible sur immobilisations|||CA015289|20230120|OPERATION DIVERSE 13/01/2025|0,00|890,52|||20230127||
CA|Caisse|CA00035|20230615|615200|Entretien et reparations sur biens immobiliers|||CA063135|20230615|OPERATION DIVERSE 03/02/2025|728,56|0,00|||20230616||
CA|Caisse|CA00035|20230615|425000|Personnel - Avances et acomptes|||CA063135|20230615|OPERATION DIVERSE 03/02/2025|0,00|728,56|||20230616||
CA|Caisse|CA00036|20230112|101000|Capital social|||CA015584|20230112|OPERATION DIVERSE 13/01/2025|553,41|0,00|||20230114||
CA|Caisse|CA00036|20230112|625700|Receptions|||CA015584|20230112|OPERATION DIVERSE 13/01/2025|0,00|553,41|||20230114||
CA|Caisse|CA00037|20231206|215400|Materiel industriel|||CA126416|20231206|OPERATION DIVERSE 14/02/2025|5837,32|0,00|||20231210||
CA|Caisse|CA00037|20231206|512000|Banque principale|||CA126416|20231206|OPERATION DIVERSE 14/02/2025|0,00|5837,32|||20231210||
CA|Caisse|CA00038|20230914|218100|Installations generales, agencements divers|||CA093560|20230914|OPERATION DIVERSE 24/01/2025|8324,73|0,00|||20230917||
CA|Caisse|CA00038|20230914|512100|Banque secondaire|||CA093560|20230914|OPERATION DIVERSE 24/01/2025|0,00|8324,73|||20230917||
CA|Caisse|CA00039|20230118|514000|Cheques postaux|||CA013235|20230118|OPERATION DIVERSE 08/02/2025|61,97|0,00|||20230125||
CA|Caisse|CA00039|20230118|445670|TVA collectee|||CA013235|20230118|OPERATION DIVERSE 08/02/2025|0,00|61,97|||20230125||
CA|Caisse|CA00040|20230104|441000|Etat - Impot sur les benefices|||CA015371|20230104|OPERATION DIVERSE 30/01/2025|766,96|0,00|||20230109||
CA|Caisse|CA00040|20230104|444000|Etat - Impots sur les benefices|||CA015371|20230104|OPERATION DIVERSE 30/01/2025|0,00|766,96|||20230109||
CA|Caisse|CA00041|20230710|625700|Receptions|||CA072758|20230710|OPERATION DIVERSE 16/01/2025|808,72|0,00|||20230712||
CA|Caisse|CA00041|20230710|427000|Personnel - Oppositions|||CA072758|20230710|OPERATION DIVERSE 16/01/2025|0,00|808,72|||20230712||
CA|Caisse|CA00042|20230201|205000|Logiciels|||CA029083|20230201|OPERATION DIVERSE 22/02/2025|3313,65|0,00|||20230207||
CA|Caisse|CA00042|20230201|404000|Fournisseurs d'immobilisations|||CA029083|20230201|OPERATION DIVERSE 22/02/2025|0,00|3313,65|||20230207||
CA|Caisse|CA00043|20230331|168800|Interets courus sur emprunts|||CA038064|20230331|OPERATION DIVERSE 14/01/2025|514,37|0,00|||20230403||
CA|Caisse|CA00043|20230331|758000|Produits divers de gestion courante|||CA038064|20230331|OPERATION DIVERSE 14/01/2025|0,00|514,37|||20230403||
CA|Caisse|CA00044|20230901|213100|Constructions - Batiments|||CA091793|20230901|OPERATION DIVERSE 14/01/2025|3910,38|0,00|||20230907||
CA|Caisse|CA00044|20230901|512000|Banque principale|||CA091793|20230901|OPERATION DIVERSE 14/01/2025|0,00|3910,38|||20230907||
CA|Caisse|CA00045|20231213|281810|Amort. installations generales|||CA129278|20231213|OPERATION DIVERSE 11/01/2025|17444,87|0,00|||20231214||
CA|Caisse|CA00045|20231213|404000|Fournisseurs d'immobilisations|||CA129278|20231213|OPERATION DIVERSE 11/01/2025|0,00|17444,87|||20231214||
CA|Caisse|CA00046|20230309|211000|Terrains|||CA035116|20230309|OPERATION DIVERSE 23/01/2025|19920,73|0,00|||20230316||
CA|Caisse|CA00046|20230309|404000|Fournisseurs d'immobilisations|||CA035116|20230309|OPERATION DIVERSE 23/01/2025|0,00|19920,73|||20230316||
CA|Caisse|CA00047|20230710|602260|Achats d'emballages|||CA076676|20230710|OPERATION DIVERSE 01/02/2025|1647,41|0,00|||20230714||
CA|Caisse|CA00047|20230710|580000|Virements internes|||CA076676|20230710|OPERATION DIVERSE 01/02/2025|0,00|1647,41|||20230714||
CA|Caisse|CA00048|20231229|164000|Emprunts aupres des etablissements de credit|||CA123820|20231229|OPERATION DIVERSE 24/02/2025|704,26|0,00|||20231230||
CA|Caisse|CA00048|20231229|762000|Produits des autres immobilisations financieres|||CA123820|20231229|OPERATION DIVERSE 24/02/2025|0,00|704,26|||20231230||
CA|Caisse|CA00049|20230515|665000|Escomptes accordes|||CA059510|20230515|OPERATION DIVERSE 16/01/2025|1522,36|0,00|||20230518||
CA|Caisse|CA00049|20230515|409100|Fournisseurs - Avances et acomptes verses|||CA059510|20230515|OPERATION DIVERSE 16/01/2025|0,00|1522,36|||20230518||
CA|Caisse|CA00050|20230622|615500|Entretien et reparations sur biens mobiliers|||CA062488|20230622|OPERATION DIVERSE 31/01/2025|12,90|0,00|||20230629||
CA|Caisse|CA00050|20230622|511000|Valeurs a l'encaissement|||CA062488|20230622|OPERATION DIVERSE 31/01/2025|0,00|12,90|||20230629||
CA|Caisse|CA00051|20231019|651000|Redevances pour concessions, brevets, licences, etc.|||CA104542|20231019|OPERATION DIVERSE 09/02/2025|1608,74|0,00|||20231019||
CA|Caisse|CA00051|20231019|491000|Depreciation des comptes clients|||CA104542|20231019|OPERATION DIVERSE 09/02/2025|0,00|1608,74|||20231019||
CA|Caisse|CA00052|20230217|120000|Resultat de l'exercice|||CA025384|20230217|OPERATION DIVERSE 07/02/2025|783,71|0,00|||20230217||
CA|Caisse|CA00052|20230217|397100|Depreciation des stocks de marchandises|||CA025384|20230217|OPERATION DIVERSE 07/02/2025|0,00|783,71|||20230217||
CA|Caisse|CA00053|20231204|421000|Personnel - Remunerations dues|||CA121067|20231204|OPERATION DIVERSE 29/01/2025|360,31|0,00|||20231210||
CA|Caisse|CA00053|20231204|661000|Charges d'interets|||CA121067|20231204|OPERATION DIVERSE 29/01/2025|0,00|360,31|||20231210||
CA|Caisse|CA00054|20230929|720000|Production immobilisee|||CA099739|20230929|OPERATION DIVERSE 13/02/2025|32,88|0,00|||20231004||
CA|Caisse|CA00054|20230929|281830|Amort. materiel de bureau|||CA099739|20230929|OPERATION DIVERSE 13/02/2025|0,00|32,88|||20231004||
CA|Caisse|CA00055|20230815|231000|Immobilisations corporelles en cours|||CA084995|20230815|OPERATION DIVERSE 12/02/2025|4176,26|0,00|||20230815||
CA|Caisse|CA00055|20230815|512100|Banque secondaire|||CA084995|20230815|OPERATION DIVERSE 12/02/2025|0,00|4176,26|||20230815||
CA|Caisse|CA00056|20230818|106100|Reserve legale|||CA083394|20230818|OPERATION DIVERSE 14/02/2025|214,54|0,00|||20230822||
CA|Caisse|CA00056|20230818|445510|TVA a decaisser|||CA083394|20230818|OPERATION DIVERSE 14/02/2025|0,00|214,54|||20230822||
CA|Caisse|CA00057|20230923|762000|Produits des autres immobilisations financieres|||CA096427|20230922|OPERATION DIVERSE 31/01/2025|1720,21|0,00|||20230922||
CA|Caisse|CA00057|20230922|106800|Autres reserves|||CA096427|20230922|OPERATION DIVERSE 31/01/2025|0,00|1720,21|||20230922||
CA|Caisse|CA00058|20230929|455000|Associes - Comptes courants|||CA099879|20230929|OPERATION DIVERSE 27/01/2025|897,47|0,00|||20231005||
CA|Caisse|CA00058|20230929|471000|Compte d'attente|||CA099879|20230929|OPERATION DIVERSE 27/01/2025|0,00|897,47|||20231005||
CA|Caisse|CA00059|20230602|131800|Autres subventions d'investissement|||CA064602|20230602|OPERATION DIVERSE 30/01/2025|554,86|0,00|||20230609||
CA|Caisse|CA00059|20230602|758000|Produits divers de gestion courante|||CA064602|20230602|OPERATION DIVERSE 30/01/2025|0,00|554,86|||20230609||
CA|Caisse|CA00060|20230519|713000|Variation des stocks|||CA059488|20230519|OPERATION DIVERSE 16/02/2025|1289,33|0,00|||20230523||
CA|Caisse|CA00060|20230519|615200|Entretien et reparations sur biens immobiliers|||CA059488|20230519|OPERATION DIVERSE 16/02/2025|0,00|1289,33|||20230523||
CA|Caisse|CA00061|20230803|681120|Dot. amort. sur immo. corporelles|||CA088386|20230803|OPERATION DIVERSE 20/01/2025|358,81|0,00|||20230810||
CA|Caisse|CA00061|20230803|518100|Interets courus a payer|||CA088386|20230803|OPERATION DIVERSE 20/01/2025|0,00|358,81|||20230810||
CA|Caisse|CA00062|20230407|455000|Associes - Comptes courants|||CA045198|20230407|OPERATION DIVERSE 03/02/2025|963,69|0,00|||20230411||
CA|Caisse|CA00062|20230407|486000|Charges constatees d'avance|||CA045198|20230407|OPERATION DIVERSE 03/02/2025|0,00|963,69|||20230411||
CA|Caisse|CA00063|20230407|281830|Amort. materiel de bureau|||CA041651|20230407|OPERATION DIVERSE 19/02/2025|11807,79|0,00|||20230411||
CA|Caisse|CA00063|20230407|512100|Banque secondaire|||CA041651|20230407|OPERATION DIVERSE 19/02/2025|0,00|11807,79|||20230411||
CA|Caisse|CA00064|20230519|671000|Charges exceptionnelles sur operations de gestion|||CA053757|20230519|OPERATION DIVERSE 16/01/2025|678,35|0,00|||20230524||
CA|Caisse|CA00064|20230519|427000|Personnel - Oppositions|||CA053757|20230519|OPERATION DIVERSE 16/01/2025|0,00|678,35|||20230524||
CA|Caisse|CA00065|20230915|625700|Receptions|||CA095689|20230915|OPERATION DIVERSE 08/01/2025|523,28|0,00|||20230918||
CA|Caisse|CA00065|20230915|455000|Associes - Comptes courants|||CA095689|20230915|OPERATION DIVERSE 08/01/2025|0,00|523,28|||20230918||
CA|Caisse|CA00066|20231012|602200|Achats de fournitures consommables|||CA095689|20231012|OPERATION DIVERSE 07/02/2025|1551,21|0,00|||20231013||
CA|Caisse|CA00066|20231012|428200|Personnel - Conges payes|||CA104863|20231012|OPERATION DIVERSE 07/02/2025|0,00|1551,21|||20231013||
CA|Caisse|CA00067|20230404|627000|Services bancaires et assimiles|||CA104863|20230404|OPERATION DIVERSE 23/01/2025|1536,09|0,00|||20230406||
CA|Caisse|CA00067|20230404|508000|Interets courus sur VMP|||CA048192|20230404|OPERATION DIVERSE 23/01/2025|0,00|1536,09|||20230406||
CA|Caisse|CA00068|20231030|675000|Valeurs comptables des elements d'actif cedes|||CA108423|20231030|OPERATION DIVERSE 06/01/2025|1999,13|0,00|||20231031||
CA|Caisse|CA00068|20231030|403000|Fournisseurs - Effets a payer|||CA108423|20231030|OPERATION DIVERSE 06/01/2025|0,00|1999,13|||20231031||
CA|Caisse|CA00069|20230616|635000|Autres impots, taxes et versements assimiles|||CA064763|20230616|OPERATION DIVERSE 14/01/2025|597,82|0,00|||20230620||
CA|Caisse|CA00069|20230616|437000|Autres organismes sociaux|||CA064763|20230616|OPERATION DIVERSE 14/01/2025|0,00|597,82|||20230620||
CA|Caisse|CA00070|20231121|487000|Produits constates d'avance|||CA117155|20231121|OPERATION DIVERSE 09/02/2025|638,23|0,00|||20231128||
CA|Caisse|CA00070|20231121|408100|Fournisseurs - Factures non parvenues|||CA117155|20231121|OPERATION DIVERSE 09/02/2025|0,00|638,23|||20231128||
CA|Caisse|CA00071|20231016|438200|Charges sociales sur conges a payer|||CA103893|20231016|OPERATION DIVERSE 10/01/2025|434,33|0,00|||20231019||
CA|Caisse|CA00071|20231016|231000|Immobilisations corporelles en cours|||CA103893|20231016|OPERATION DIVERSE 10/01/2025|0,00|434,33|||20231019||
CA|Caisse|CA00072|20230512|428200|Personnel - Conges payes|||CA057542|20230512|OPERATION DIVERSE 13/01/2025|987,34|0,00|||20230512||
CA|Caisse|CA00072|20230512|487000|Produits constates d'avance|||CA057542|20230512|OPERATION DIVERSE 13/01/2025|0,00|987,34|||20230512||
CA|Caisse|CA00073|20230522|761000|Produits de participations|||CA055705|20230522|OPERATION DIVERSE 25/02/2025|1749,14|0,00|||20230524||
CA|Caisse|CA00073|20230522|403000|Fournisseurs - Effets a payer|||CA055705|20230522|OPERATION DIVERSE 25/02/2025|0,00|1749,14|||20230524||
CA|Caisse|CA00074|20230222|651000|Redevances pour concessions, brevets, licences, etc.|||CA029773|20230222|OPERATION DIVERSE 02/01/2025|407,62|0,00|||20230224||
CA|Caisse|CA00074|20230222|445510|TVA a decaisser|||CA029773|20230222|OPERATION DIVERSE 02/01/2025|0,00|407,62|||20230224||
CA|Caisse|CA00075|20230828|281820|Amort. materiel de transport|||CA088037|20230828|OPERATION DIVERSE 16/02/2025|13300,80|0,00|||20230904||
CA|Caisse|CA00075|20230828|404000|Fournisseurs d'immobilisations|||CA088037|20230828|OPERATION DIVERSE 16/02/2025|0,00|13300,80|||20230904||
CA|Caisse|CA00076|20231030|445660|TVA deductible sur ABS|||CA105794|20231030|OPERATION DIVERSE 25/02/2025|625,44|0,00|||20231105||
CA|Caisse|CA00076|20231030|675000|Valeurs comptables des elements d'actif cedes|||CA105794|20231030|OPERATION DIVERSE 25/02/2025|0,00|625,44|||20231105||
CA|Caisse|CA00077|20231127|615500|Entretien et reparations sur biens mobiliers|||CA111817|20231127|OPERATION DIVERSE 03/01/2025|482,36|0,00|||20231203||
CA|Caisse|CA00077|20231127|427000|Personnel - Oppositions|||CA111817|20231127|OPERATION DIVERSE 03/01/2025|0,00|482,36|||20231203||
CA|Caisse|CA00078|20230403|404000|Fournisseurs d'immobilisations|||CA048618|20230403|OPERATION DIVERSE 24/01/2025|325,32|0,00|||20230410||
CA|Caisse|CA00078|20230403|445670|TVA collectee|||CA048618|20230403|OPERATION DIVERSE 24/01/2025|0,00|325,32|||20230410||
CA|Caisse|CA00079|20230809|618100|Documentation generale|||CA086070|20230809|OPERATION DIVERSE 16/02/2025|835,00|0,00|||20230812||
CA|Caisse|CA00079|20230809|445710|TVA collectee a payer|||CA086070|20230809|OPERATION DIVERSE 16/02/2025|0,00|835,00|||20230812||
CA|Caisse|CA00080|20230828|413000|Clients - Effets a recevoir|||CA082037|20230828|OPERATION DIVERSE 18/02/2025|641,65|0,00|||20230830||
CA|Caisse|CA00080|20230828|740000|Subventions d'exploitation|||CA082037|20230828|OPERATION DIVERSE 18/02/2025|0,00|641,65|||20230830||
CA|Caisse|CA00081|20230223|611000|Sous-traitance generale|||CA027169|20230223|OPERATION DIVERSE 24/02/2025|1238,01|0,00|||20230223||
CA|Caisse|CA00081|20230223|517000|Autres organismes financiers|||CA027169|20230223|OPERATION DIVERSE 24/02/2025|0,00|1238,01|||20230223||
CA|Caisse|CA00082|20231027|614000|Charges locatives|||CA102187|20231027|OPERATION DIVERSE 12/01/2025|700,67|0,00|||20231027||
CA|Caisse|CA00082|20231027|431000|Securite sociale|||CA102187|20231027|OPERATION DIVERSE 12/01/2025|0,00|700,67|||20231027||
CA|Caisse|CA00083|20230724|602260|Achats d'emballages|||CA078559|20230724|OPERATION DIVERSE 12/02/2025|450,02|0,00|||20230725||
CA|Caisse|CA00083|20230724|514000|Cheques postaux|||CA078559|20230724|OPERATION DIVERSE 12/02/2025|0,00|450,02|||20230725||
CA|Caisse|CA00084|20230818|616000|Primes d'assurance|||CA089464|20230818|OPERATION DIVERSE 12/01/2025|34,90|0,00|||20230818||
CA|Caisse|CA00084|20230818|409100|Fournisseurs - Avances et acomptes verses|||CA089464|20230818|OPERATION DIVERSE 12/01/2025|0,00|34,90|||20230818||
CA|Caisse|CA00085|20230324|281810|Amort. installations generales|||CA033248|20230324|OPERATION DIVERSE 14/01/2025|6147,48|0,00|||20230324||
CA|Caisse|CA00085|20230324|404000|Fournisseurs d'immobilisations|||CA033248|20230324|OPERATION DIVERSE 14/01/2025|0,00|6147,48|||20230324||
CA|Caisse|CA00086|20230327|621000|Personnel exterieur a l'entreprise|||CA039904|20230327|OPERATION DIVERSE 04/01/2025|898,52|0,00|||20230327||
CA|Caisse|CA00086|20230327|467000|Autres comptes debiteurs ou crediteurs|||CA039904|20230327|OPERATION DIVERSE 04/01/2025|0,00|898,52|||20230327||
CA|Caisse|CA00087|20230825|767000|Produits nets sur cessions de valeurs mobilieres de placement|||CA087944|20230825|OPERATION DIVERSE 18/02/2025|189,93|0,00|||20230829||
CA|Caisse|CA00087|20230825|664000|Pertes sur cessions de valeurs mobilieres de placement|||CA087944|20230825|OPERATION DIVERSE 18/02/2025|0,00|189,93|||20230829||
CA|Caisse|CA00088|20230518|445710|TVA collectee a payer|||CA057637|20230518|OPERATION DIVERSE 28/01/2025|508,44|0,00|||20230521||
CA|Caisse|CA00088|20230518|213100|Constructions - Batiments|||CA057637|20230518|OPERATION DIVERSE 28/01/2025|0,00|508,44|||20230521||
CA|Caisse|CA00089|20231019|798000|Integration fiscale - Produits|||CA109316|20231019|OPERATION DIVERSE 03/01/2025|43,60|0,00|||20231026||
CA|Caisse|CA00089|20231019|371000|Stock de marchandises|||CA109316|20231019|OPERATION DIVERSE 03/01/2025|0,00|43,60|||20231026||
CA|Caisse|CA00090|20231114|625100|Voyages et deplacements|||CA119058|20231114|OPERATION DIVERSE 07/01/2025|1271,14|0,00|||20231117||
CA|Caisse|CA00090|20231114|437000|Autres organismes sociaux|||CA119058|20231114|OPERATION DIVERSE 07/01/2025|0,00|1271,14|||20231117||
CA|Caisse|CA00091|20230209|281540|Amort. materiel industriel|||CA027759|20230209|OPERATION DIVERSE 30/01/2025|14813,10|0,00|||20230213||
CA|Caisse|CA00091|20230211|512100|Banque secondaire|||CA027759|20230209|OPERATION DIVERSE 30/01/2025|0,00|14813,10|||20230213||
CA|Caisse|CA00092|20230309|500000|Valeurs mobilieres de placement|||CA032120|20230309|OPERATION DIVERSE 11/02/2025|157,42|0,00|||20230313||
CA|Caisse|CA00092|20230309|468600|Charges a payer|||CA032120|20230309|OPERATION DIVERSE 11/02/2025|0,00|157,42|||20230313||
CA|Caisse|CA00093|20230428|791000|Transferts de charges d'exploitation|||CA047616|20230428|OPERATION DIVERSE 09/01/2025|1212,00|0,00|||20230501||
CA|Caisse|CA00093|20230428|707000|Ventes de marchandises|||CA047616|20230428|OPERATION DIVERSE 09/01/2025|0,00|1212,00|||20230501||
CA|Caisse|CA00094|20230922|709000|Rabais, remises et ristournes accordes|||CA091366|20230922|OPERATION DIVERSE 16/02/2025|488,14|0,00|||20230928||
CA|Caisse|CA00094|20230922|740000|Subventions d'exploitation|||CA091366|20230922|OPERATION DIVERSE 16/02/2025|0,00|488,14|||20230928||
CA|Caisse|CA00095|20231117|798000|Integration fiscale - Produits|||CA111776|20231117|OPERATION DIVERSE 16/02/2025|106,64|0,00|||20231121||
CA|Caisse|CA00095|20231117|654000|Pertes sur creances irrecouvrables|||CA111776|20231117|OPERATION DIVERSE 16/02/2025|0,00|106,64|||20231121||
CA|Caisse|CA00096|20230707|613500|Locations mobilieres|||CA076125|20230707|OPERATION DIVERSE 23/02/2025|837,51|0,00|||20230709||
CA|Caisse|CA00096|20230707|580000|Virements internes|||CA076125|20230707|OPERATION DIVERSE 23/02/2025|0,00|837,51|||20230709||
CA|Caisse|CA00097|20230203|665000|Escomptes accordes|||CA023824|20230203|OPERATION DIVERSE 09/01/2025|1926,09|0,00|||20230206||
CA|Caisse|CA00097|20230203|425000|Personnel - Avances et acomptes|||CA023824|20230203|OPERATION DIVERSE 09/01/2025|0,00|1926,09|||20230206||
CA|Caisse|CA00098|20230714|786500|Reprises sur provisions pour risques et charges financiers|||OD071937|20230714|OPERATION DIVERSE 13/02/2025|1620,38|0,00|||20230719||
CA|Caisse|CA00098|20230714|765000|Escomptes obtenus|||CA073684|20230714|OPERATION DIVERSE 13/02/2025|0,00|1620,38|||20230719||
CA|Caisse|CA00099|20231219|468600|Charges a payer|||CA127142|20231219|OPERATION DIVERSE 01/02/2025|430,87|0,00|||20231220||
CA|Caisse|CA00099|20231219|445620|TVA deductible sur immobilisations|||CA127142|20231219|OPERATION DIVERSE 01/02/2025|0,00|430,87|||20231220||
CA|Caisse|CA00100|20230829|444000|Etat - Impots sur les benefices|||CA083769|20230829|OPERATION DIVERSE 30/01/2025|583,60|0,00|||20230904||
CA|Caisse|CA00100|20230829|622600|Honoraires|||CA083769|20230829|OPERATION DIVERSE 30/01/2025|0,00|583,60|||20230904||
CA|Caisse|CA00101|20230922|438200|Charges sociales sur conges a payer|||CA098626|20230922|OPERATION DIVERSE 13/01/2025|653,25|0,00|||20230922||
CA|Caisse|CA00101|20230922|625100|Voyages et deplacements|||CA098626|20230922|OPERATION DIVERSE 13/01/2025|0,00|653,25|||20230922||
CA|Caisse|CA00102|20230602|616000|Primes d'assurance|||CA063095|20230602|OPERATION DIVERSE 24/01/2025|468,89|0,00|||20230606||
CA|Caisse|CA00102|20230602|421000|Personnel - Remunerations dues|||CA063095|20230602|OPERATION DIVERSE 24/01/2025|0,00|468,89|||20230606||
CA|Caisse|CA00103|20230825|602200|Achats de fournitures consommables|||CA084339|20230825|OPERATION DIVERSE 24/02/2025|1724,43|0,00|||20230830||
CA|Caisse|CA00103|20230825|445860|TVA sur factures non parvenues|||CA084339|20230825|OPERATION DIVERSE 24/02/2025|0,00|1724,43|||20230830||
CA|Caisse|CA00104|20230106|518700|Interets courus a recevoir|||CA013075|20230106|OPERATION DIVERSE 28/01/2025|284,72|0,00|||20230109||
CA|Caisse|CA00104|20230106|658000|Charges diverses de gestion courante|||CA013075|20230106|OPERATION DIVERSE 28/01/2025|0,00|284,72|||20230109||
CA|Caisse|CA00105|20231130|622600|Honoraires|||CA119497|20231130|OPERATION DIVERSE 06/01/2025|899,90|0,00|||20231205||
CA|Caisse|CA00105|20231130|444000|Etat - Impots sur les benefices|||CA119497|20231130|OPERATION DIVERSE 06/01/2025|0,00|899,90|||20231205||
CA|Caisse|CA00106|20230513|635000|Autres impots, taxes et versements assimiles|||CA059310|20230510|OPERATION DIVERSE 07/02/2025|1199,83|0,00|||20230513||
CA|Caisse|CA00106|20230510|514000|Cheques postaux|||CA059310|20230510|OPERATION DIVERSE 07/02/2025|0,00|1199,83|||20230513||
CA|Caisse|CA00107|20230613|797000|Transferts de charges exceptionnelles|||CA061232|20230613|OPERATION DIVERSE 20/02/2025|1619,70|0,00|||20230618||
CA|Caisse|CA00107|20230613|648000|Autres charges de personnel|||CA061232|20230613|OPERATION DIVERSE 20/02/2025|0,00|1619,70|||20230618||
CA|Caisse|CA00108|20231103|796000|Transferts de charges financieres|||CA119579|20231103|OPERATION DIVERSE 01/01/2025|650,93|0,00|||20231108||
CA|Caisse|CA00108|20231103|428200|Personnel - Conges payes|||CA119579|20231103|OPERATION DIVERSE 01/01/2025|0,00|650,93|||20231108||
CA|Caisse|CA00109|20230428|633000|Impots, taxes et versements assimiles sur remunerations (autres organismes)|||CA045943|20230428|OPERATION DIVERSE 03/02/2025|198,45|0,00|||20230501||
CA|Caisse|CA00109|20230428|428200|Personnel - Conges payes|||CA045943|20230428|OPERATION DIVERSE 03/02/2025|0,00|198,45|||20230501||
CA|Caisse|CA00110|20230825|616000|Primes d'assurance|||CA045943|20230825|OPERATION DIVERSE 07/02/2025|228,86|0,00|||20230826||
CA|Caisse|CA00110|20230825|500000|Valeurs mobilieres de placement|||CA088991|20230825|OPERATION DIVERSE 07/02/2025|0,00|228,86|||20230826||
CA|Caisse|CA00111|20230504|471000|Compte d'attente|||CA055960|20230504|OPERATION DIVERSE 12/01/2025|229,85|0,00|||20230504||
CA|Caisse|CA00111|20230504|281540|Amort. materiel industriel|||CA055960|20230504|OPERATION DIVERSE 12/01/2025|0,00|229,85|||20230504||
CA|Caisse|CA00112|20231014|205000|Logiciels|||CA108601|20231013|OPERATION DIVERSE 05/02/2025|999,43|0,00|||20231019||
CA|Caisse|CA00112|20231013|512100|Banque secondaire|||CA108601|20231013|OPERATION DIVERSE 05/02/2025|0,00|999,43|||20231019||
CA|Caisse|CA00113|20230526|445670|TVA collectee|||CA051847|20230526|OPERATION DIVERSE 17/01/2025|875,77|0,00|||20230531||
CA|Caisse|CA00113|20230526|205000|Logiciels|||CA051847|20230526|OPERATION DIVERSE 17/01/2025|0,00|875,77|||20230531||
CA|Caisse|CA00114|20231114|530000|Caisse|||CA114386|20231114|OPERATION DIVERSE 16/02/2025|892,19|0,00|||20231120||
CA|Caisse|CA00114|20231114|618100|Documentation generale|||CA114386|20231114|OPERATION DIVERSE 16/02/2025|0,00|892,19|||20231120||
CA|Caisse|CA00115|20230901|622600|Honoraires|||CA096353|20230901|OPERATION DIVERSE 07/02/2025|128,93|0,00|||20230905||
CA|Caisse|CA00115|20230901|445870|TVA sur factures a etablir|||CA096353|20230901|OPERATION DIVERSE 07/02/2025|0,00|128,93|||20230905||
CA|Caisse|CA00116|20230718|205000|Logiciels|||CA072774|20230718|OPERATION DIVERSE 01/01/2025|12156,85|0,00|||20230722||
CA|Caisse|CA00116|20230718|512000|Banque principale|||CA072774|20230718|OPERATION DIVERSE 01/01/2025|0,00|12156,85|||20230722||
CA|Caisse|CA00117|20231004|615200|Entretien et reparations sur biens immobiliers|||CA105932|20231004|OPERATION DIVERSE 03/01/2025|1073,80|0,00|||20231010||
CA|Caisse|CA00117|20231004|431000|Securite sociale|||CA105932|20231004|OPERATION DIVERSE 03/01/2025|0,00|1073,80|||20231010||
CA|Caisse|CA00118|20230612|471000|Compte d'attente|||CA066671|20230612|OPERATION DIVERSE 19/02/2025|305,54|0,00|||20230616||
CA|Caisse|CA00118|20230612|218100|Installations generales, agencements divers|||CA066671|20230612|OPERATION DIVERSE 19/02/2025|0,00|305,54|||20230616||
CA|Caisse|CA00119|20231013|120000|Resultat de l'exercice|||CA108700|20231013|OPERATION DIVERSE 05/02/2025|455,49|0,00|||20231020||
CA|Caisse|CA00119|20231013|618100|Documentation generale|||CA108700|20231013|OPERATION DIVERSE 05/02/2025|0,00|455,49|||20231020||
CA|Caisse|CA00120|20231020|681500|Dot. provisions pour risques et charges d'exploitation|||CA102986|20231020|OPERATION DIVERSE 09/02/2025|672,80|0,00|||20231026||
CA|Caisse|CA00120|20231020|408400|Fournisseurs d'immobilisations - Factures non parvenues|||CA102986|20231020|OPERATION DIVERSE 09/02/2025|0,00|672,80|||20231026||
CA|Caisse|CA00121|20230512|607000|Achats de marchandises|||BQ122117|20230512|OPERATION DIVERSE 18/01/2025|1485,33|0,00|||20230519||
CA|Caisse|CA00121|20230512|514000|Cheques postaux|||CA059192|20230512|OPERATION DIVERSE 18/01/2025|0,00|1485,33|||20230519||
CA|Caisse|CA00122|20230809|514000|Cheques postaux|||CA088112|20230809|OPERATION DIVERSE 08/02/2025|391,09|0,00|||20230815||
CA|Caisse|CA00122|20230809|618100|Documentation generale|||CA088112|20230809|OPERATION DIVERSE 08/02/2025|0,00|391,09|||20230815||
CA|Caisse|CA00123|20230214|281350|Amort. installations generales|||CA028849|20230214|OPERATION DIVERSE 13/02/2025|3870,58|0,00|||20230219||
CA|Caisse|CA00123|20230214|512000|Banque principale|||CA028849|20230214|OPERATION DIVERSE 13/02/2025|0,00|3870,58|||20230219||
CA|Caisse|CA00124|20230505|647000|Autres charges sociales|||CA051292|20230505|OPERATION DIVERSE 14/01/2025|475,75|0,00|||20230512||
CA|Caisse|CA00124|20230505|445670|TVA collectee|||CA051292|20230505|OPERATION DIVERSE 14/01/2025|0,00|475,75|||20230512||
CA|Caisse|CA00125|20230609|451000|Groupe|||CA065244|20230609|OPERATION DIVERSE 20/02/2025|503,99|0,00|||20230615||
CA|Caisse|CA00125|20230609|350000|Produits finis|||CA065244|20230609|OPERATION DIVERSE 20/02/2025|0,00|503,99|||20230615||
CA|Caisse|CA00126|20231025|455000|Associes - Comptes courants|||CA105088|20231025|OPERATION DIVERSE 26/01/2025|341,26|0,00|||20231026||
CA|Caisse|CA00126|20231025|615500|Entretien et reparations sur biens mobiliers|||CA105088|20231025|OPERATION DIVERSE 26/01/2025|0,00|341,26|||20231026||
CA|Caisse|CA00127|20231108|408100|Fournisseurs - Factures non parvenues|||CA119895|20231108|OPERATION DIVERSE 09/01/2025|520,60|0,00|||20231112||
CA|Caisse|CA00127|20231108|445710|TVA collectee a payer|||CA119895|20231108|OPERATION DIVERSE 09/01/2025|0,00|520,60|||20231112||
CA|Caisse|CA00128|20230317|437000|Autres organismes sociaux|||CA032399|20230317|OPERATION DIVERSE 25/01/2025|151,61|0,00|||20230317||
CA|Caisse|CA00128|20230317|623000|Publicite, publications, relations publiques|||CA032399|20230317|OPERATION DIVERSE 25/01/2025|0,00|151,61|||20230317||
CA|Caisse|CA00129|20231103|762000|Produits des autres immobilisations financieres|||CA112956|20231103|OPERATION DIVERSE 12/02/2025|999,76|0,00|||20231104||
CA|Caisse|CA00129|20231103|468600|Charges a payer|||CA112956|20231103|OPERATION DIVERSE 12/02/2025|0,00|999,76|||20231104||
CA|Caisse|CA00130|20230510|370000|Marchandises|||AC099657|20230510|OPERATION DIVERSE 05/02/2025|233,37|0,00|||20230514||
CA|Caisse|CA00130|20230510|666000|Pertes de change|||CA056458|20230510|OPERATION DIVERSE 05/02/2025|0,00|233,37|||20230514||
CA|Caisse|CA00131|20231020|403000|Fournisseurs - Effets a payer|||CA102071|20231020|OPERATION DIVERSE 12/01/2025|439,10|0,00|||20231024||
CA|Caisse|CA00131|20231020|408100|Fournisseurs - Factures non parvenues|||CA102071|20231020|OPERATION DIVERSE 12/01/2025|0,00|439,10|||20231024||
CA|Caisse|CA00132|20230301|606300|Fournitures d'entretien et petit equipement|||CA037045|20230301|OPERATION DIVERSE 31/01/2025|632,15|0,00|||20230307||
CA|Caisse|CA00132|20230301|487000|Produits constates d'avance|||CA037045|20230301|OPERATION DIVERSE 31/01/2025|0,00|632,15|||20230307||
CA|Caisse|CA00133|20231226|763000|Revenus des autres creances|||CA124310|20231226|OPERATION DIVERSE 05/01/2025|289,31|0,00|||20231230||
CA|Caisse|CA00133|20231226|106100|Reserve legale|||CA124310|20231226|OPERATION DIVERSE 05/01/2025|0,00|289,31|||20231230||
CA|Caisse|CA00134|20230613|633000|Impots, taxes et versements assimiles sur remunerations (autres organismes)|||CA069952|20230613|OPERATION DIVERSE 30/01/2025|1177,70|0,00|||20230618||
CA|Caisse|CA00134|20230613|418100|Clients - Factures a etablir|||CA069952|20230613|OPERATION DIVERSE 30/01/2025|0,00|1177,70|||20230618||
CA|Caisse|CA00135|20230608|671000|Charges exceptionnelles sur operations de gestion|||CA061513|20230608|OPERATION DIVERSE 29/01/2025|403,39|0,00|||20230615||
CA|Caisse|CA00135|20230608|401000|Fournisseurs|F00004|PAPETERIE EXPRESS|CA061513|20230608|OPERATION DIVERSE 29/01/2025|0,00|403,39|||20230615||
OD|Operations diverses|OD00001|20230511|445520|TVA due intracommunautaire|||OD054072|20230511|ECRITURE DE REGULARISATION 01/2025|557,14|0,00|||20230517||
OD|Operations diverses|OD00001|20230511|606400|Fournitures administratives|||OD054072|20230511|ECRITURE DE REGULARISATION 01/2025|0,00|557,14|||20230517||
OD|Operations diverses|OD00002|20230531|626000|Frais postaux et de telecommunications|||OD056724|20230531|ECRITURE DE REGULARISATION 01/2025|1069,80|0,00|||20230606||
OD|Operations diverses|OD00002|20230531|401000|Fournisseurs|F00006|MAINTENANCE PRO|OD056724|20230531|ECRITURE DE REGULARISATION 01/2025|0,00|1069,80|||20230606||
OD|Operations diverses|OD00003|20230629|764000|Revenus des valeurs mobilieres de placement|||OD068054|20230629|ECRITURE DE REGULARISATION 02/2025|568,43|0,00|||20230629||
OD|Operations diverses|OD00003|20230629|681740|Dot. provisions sur creances|||OD068054|20230629|ECRITURE DE REGULARISATION 02/2025|0,00|568,43|||20230629||
OD|Operations diverses|OD00004|20231019|687000|Dot. amort. et provisions exceptionnels|||OD104965|20231019|ECRITURE DE REGULARISATION 01/2025|1634,83|0,00|||20231023||
OD|Operations diverses|OD00004|20231021|512000|Banque principale|||OD104965|20231019|ECRITURE DE REGULARISATION 01/2025|0,00|1634,83|||20231023||
OD|Operations diverses|OD00005|20230731|671000|Charges exceptionnelles sur operations de gestion|||OD075650|20230731|ECRITURE DE REGULARISATION 02/2025|1081,99|0,00|||20230802||
OD|Operations diverses|OD00005|20230731|445670|TVA collectee|||OD075650|20230731|ECRITURE DE REGULARISATION 02/2025|0,00|1081,99|||20230802||
OD|Operations diverses|OD00006|20230908|614000|Charges locatives|||OD099467|20230908|ECRITURE DE REGULARISATION 02/2025|1555,38|0,00|||20230914||
OD|Operations diverses|OD00006|20230908|403000|Fournisseurs - Effets a payer|||OD099467|20230908|ECRITURE DE REGULARISATION 02/2025|0,00|1555,38|||20230914||
OD|Operations diverses|OD00007|20230926|445870|TVA sur factures a etablir|||OD097150|20230926|ECRITURE DE REGULARISATION 02/2025|726,81|0,00|||20230926||
OD|Operations diverses|OD00007|20230926|517000|Autres organismes financiers|||OD097150|20230926|ECRITURE DE REGULARISATION 02/2025|0,00|726,81|||20230926||
OD|Operations diverses|OD00008|20231016|218300|Materiel de bureau et informatique|||OD106294|20231016|ECRITURE DE REGULARISATION 02/2025|12766,10|0,00|||20231023||
OD|Operations diverses|OD00008|20231016|512100|Banque secondaire|||OD106294|20231016|ECRITURE DE REGULARISATION 02/2025|0,00|12766,10|||20231023||
OD|Operations diverses|OD00009|20231220|487000|Produits constates d'avance|||OD123461|20231220|ECRITURE DE REGULARISATION 01/2025|619,96|0,00|||20231226||
OD|Operations diverses|OD00009|20231220|713000|Variation des stocks|||OD123461|20231220|ECRITURE DE REGULARISATION 01/2025|0,00|619,96|||20231226||
OD|Operations diverses|OD00010|20230717|671000|Charges exceptionnelles sur operations de gestion|||OD075459|20230717|ECRITURE DE REGULARISATION 02/2025|1272,67|0,00|||20230719||
OD|Operations diverses|OD00010|20230717|444000|Etat - Impots sur les benefices|||OD075459|20230717|ECRITURE DE REGULARISATION 02/2025|0,00|1272,67|||20230719||
OD|Operations diverses|OD00011|20230728|766000|Gains de change|||OD074741|20230728|ECRITURE DE REGULARISATION 01/2025|1599,77|0,00|||20230801||
OD|Operations diverses|OD00011|20230728|165000|Depots et cautionnements recus|||OD074741|20230728|ECRITURE DE REGULARISATION 01/2025|0,00|1599,77|||20230801||
OD|Operations diverses|OD00012|20230209|370000|Marchandises|||OD023537|20230209|ECRITURE DE REGULARISATION 02/2025|507,51|0,00|||20230210||
OD|Operations diverses|OD00012|20230209|602200|Achats de fournitures consommables|||OD023537|20230209|ECRITURE DE REGULARISATION 02/2025|0,00|507,51|||20230210||
OD|Operations diverses|OD00013|20230513|606400|Fournitures administratives|||OD058957|20230508|ECRITURE DE REGULARISATION 01/2025|43,67|0,00|||20230514||
OD|Operations diverses|OD00013|20230508|416000|Clients douteux|||OD058957|20230508|ECRITURE DE REGULARISATION 01/2025|0,00|43,67|||20230514||
OD|Operations diverses|OD00014|20231228|798000|Integration fiscale - Produits|||OD123170|20231228|ECRITURE DE REGULARISATION 01/2025|760,28|0,00|||20231228||
OD|Operations diverses|OD00014|20231228|698000|Integration fiscale - Charges|||OD123170|20231228|ECRITURE DE REGULARISATION 01/2025|0,00|760,28|||20231228||
OD|Operations diverses|OD00015|20230217|371000|Stock de marchandises|||OD027431|20230217|ECRITURE DE REGULARISATION 02/2025|680,39|0,00|||20230220||
OD|Operations diverses|OD00015|20230217|201000|Frais d'etablissement|||OD027431|20230217|ECRITURE DE REGULARISATION 02/2025|0,00|680,39|||20230220||
OD|Operations diverses|OD00016|20231101|218400|Mobilier|||OD119592|20231101|ECRITURE DE REGULARISATION 02/2025|7544,57|0,00|||20231107||
OD|Operations diverses|OD00016|20231101|404000|Fournisseurs d'immobilisations|||OD119592|20231101|ECRITURE DE REGULARISATION 02/2025|0,00|7544,57|||20231107||
OD|Operations diverses|OD00017|20230317|213100|Constructions - Batiments|||OD039013|20230317|ECRITURE DE REGULARISATION 02/2025|14687,84|0,00|||20230323||
OD|Operations diverses|OD00017|20230317|512000|Banque principale|||OD039013|20230317|ECRITURE DE REGULARISATION 02/2025|0,00|14687,84|||20230323||
OD|Operations diverses|OD00018|20230427|613500|Locations mobilieres|||OD043067|20230427|ECRITURE DE REGULARISATION 02/2025|1104,06|0,00|||20230429||
OD|Operations diverses|OD00018|20230427|401000|Fournisseurs|F00009|NETTOYAGE SERVICE|OD043067|20230427|ECRITURE DE REGULARISATION 02/2025|0,00|1104,06|Y7|20231230|20230429||
OD|Operations diverses|OD00019|20230313|687000|Dot. amort. et provisions exceptionnels|||OD035287|20230313|ECRITURE DE REGULARISATION 02/2025|1521,47|0,00|||20230316||
OD|Operations diverses|OD00019|20230313|438200|Charges sociales sur conges a payer|||OD035287|20230313|ECRITURE DE REGULARISATION 02/2025|0,00|1521,47|||20230316||
OD|Operations diverses|OD00020|20231102|708500|Ports et frais accessoires factures|||OD117510|20231102|ECRITURE DE REGULARISATION 02/2025|76,61|0,00|||20231107||
OD|Operations diverses|OD00020|20231102|618100|Documentation generale|||OD117510|20231102|ECRITURE DE REGULARISATION 02/2025|0,00|76,61|||20231107||
OD|Operations diverses|OD00021|20231031|404000|Fournisseurs d'immobilisations|||OD117510|20231031|ECRITURE DE REGULARISATION 02/2025|202,26|0,00|||20231031||
OD|Operations diverses|OD00021|20231031|487000|Produits constates d'avance|||OD105461|20231031|ECRITURE DE REGULARISATION 02/2025|0,00|202,26|||20231031||
OD|Operations diverses|OD00022|20230227|616000|Primes d'assurance|||BQ084505|20230227|ECRITURE DE REGULARISATION 01/2025|831,71|0,00|||20230305||
OD|Operations diverses|OD00022|20230227|438200|Charges sociales sur conges a payer|||OD028662|20230227|ECRITURE DE REGULARISATION 01/2025|0,00|831,71|||20230305||
OD|Operations diverses|OD00023|20231117|164000|Emprunts aupres des etablissements de credit|||OD116176|20231117|ECRITURE DE REGULARISATION 02/2025|278,43|0,00|||20231121||
OD|Operations diverses|OD00023|20231117|421000|Personnel - Remunerations dues|||OD116176|20231117|ECRITURE DE REGULARISATION 02/2025|0,00|278,43|||20231121||
OD|Operations diverses|OD00024|20231213|607000|Achats de marchandises|||OD121521|20231213|ECRITURE DE REGULARISATION 01/2025|1507,65|0,00|||20231219||
OD|Operations diverses|OD00024|20231213|445660|TVA deductible sur ABS|||OD121521|20231213|ECRITURE DE REGULARISATION 01/2025|0,00|1507,65|||20231219||
OD|Operations diverses|OD00025|20230504|606300|Fournitures d'entretien et petit equipement|||OD051423|20230504|ECRITURE DE REGULARISATION 02/2025|1006,20|0,00|||20230504||
OD|Operations diverses|OD00025|20230504|413000|Clients - Effets a recevoir|||OD051423|20230504|ECRITURE DE REGULARISATION 02/2025|0,00|1006,20|||20230504||
OD|Operations diverses|OD00026|20230210|281810|Amort. installations generales|||OD024213|20230210|ECRITURE DE REGULARISATION 02/2025|6293,30|0,00|||20230215||
OD|Operations diverses|OD00026|20230210|512000|Banque principale|||OD024213|20230210|ECRITURE DE REGULARISATION 02/2025|0,00|6293,30|||20230215||
OD|Operations diverses|OD00027|20230524|798000|Integration fiscale - Produits|||OD059675|20230524|ECRITURE DE REGULARISATION 01/2025|136,49|0,00|||20230526||
OD|Operations diverses|OD00027|20230524|601000|Achats de matieres premieres|||OD059675|20230524|ECRITURE DE REGULARISATION 01/2025|0,00|136,49|||20230526||
OD|Operations diverses|OD00028|20230217|321000|Matieres consommables|||OD024556|20230217|ECRITURE DE REGULARISATION 01/2025|720,25|0,00|||20230221||
OD|Operations diverses|OD00028|20230217|445520|TVA due intracommunautaire|||OD024556|20230217|ECRITURE DE REGULARISATION 01/2025|0,00|720,25|||20230221||
OD|Operations diverses|OD00029|20230823|408100|Fournisseurs - Factures non parvenues|||OD086126|20230823|ECRITURE DE REGULARISATION 02/2025|159,41|0,00|||20230824||
OD|Operations diverses|OD00029|20230823|615200|Entretien et reparations sur biens immobiliers|||OD086126|20230823|ECRITURE DE REGULARISATION 02/2025|0,00|159,41|||20230824||
OD|Operations diverses|OD00030|20231124|633000|Impots, taxes et versements assimiles sur remunerations (autres organismes)|||OD112413|20231124|ECRITURE DE REGULARISATION 01/2025|1930,47|0,00|||20231124||
OD|Operations diverses|OD00030|20231124|518700|Interets courus a recevoir|||OD112413|20231124|ECRITURE DE REGULARISATION 01/2025|0,00|1930,47|||20231124||
OD|Operations diverses|OD00031|20231220|445620|TVA deductible sur immobilisations|||OD125864|20231220|ECRITURE DE REGULARISATION 01/2025|377,84|0,00|||20231223||
OD|Operations diverses|OD00031|20231220|213500|Installations generales, agencements|||OD125864|20231220|ECRITURE DE REGULARISATION 01/2025|0,00|377,84|||20231223||
OD|Operations diverses|OD00032|20230711|708500|Ports et frais accessoires factures|||OD072137|20230711|ECRITURE DE REGULARISATION 01/2025|667,93|0,00|||20230718||
OD|Operations diverses|OD00032|20230711|614000|Charges locatives|||OD072137|20230711|ECRITURE DE REGULARISATION 01/2025|0,00|667,93|||20230718||
OD|Operations diverses|OD00033|20230612|767000|Produits nets sur cessions de valeurs mobilieres de placement|||OD066291|20230612|ECRITURE DE REGULARISATION 02/2025|52,67|0,00|||20230619||
OD|Operations diverses|OD00033|20230612|798000|Integration fiscale - Produits|||OD066291|20230612|ECRITURE DE REGULARISATION 02/2025|0,00|52,67|||20230619||
OD|Operations diverses|OD00034|20230308|647000|Autres charges sociales|||OD031098|20230308|ECRITURE DE REGULARISATION 02/2025|239,65|0,00|||20230314||
OD|Operations diverses|OD00034|20230308|590000|Depreciation des valeurs mobilieres de placement|||OD031098|20230308|ECRITURE DE REGULARISATION 02/2025|0,00|239,65|||20230314||
OD|Operations diverses|OD00035|20230630|517000|Autres organismes financiers|||OD064710|20230630|ECRITURE DE REGULARISATION 01/2025|870,12|0,00|||20230701||
OD|Operations diverses|OD00035|20230630|165000|Depots et cautionnements recus|||OD064710|20230630|ECRITURE DE REGULARISATION 01/2025|0,00|870,12|||20230701||
OD|Operations diverses|OD00036|20231213|798000|Integration fiscale - Produits|||OD121840|20231213|ECRITURE DE REGULARISATION 01/2025|1579,13|0,00|||20231219||
OD|Operations diverses|OD00036|20231213|796000|Transferts de charges financieres|||OD121840|20231213|ECRITURE DE REGULARISATION 01/2025|0,00|1579,13|||20231219||
OD|Operations diverses|OD00037|20230705|796000|Transferts de charges financieres|||OD077677|20230705|ECRITURE DE REGULARISATION 02/2025|1844,83|0,00|||20230709||
OD|Operations diverses|OD00037|20230705|514000|Cheques postaux|||OD077677|20230705|ECRITURE DE REGULARISATION 02/2025|0,00|1844,83|||20230709||
OD|Operations diverses|OD00038|20230412|681120|Dot. amort. sur immo. corporelles|||OD044669|20230412|ECRITURE DE REGULARISATION 02/2025|1833,61|0,00|||20230419||
OD|Operations diverses|OD00038|20230412|408400|Fournisseurs d'immobilisations - Factures non parvenues|||OD044669|20230412|ECRITURE DE REGULARISATION 02/2025|0,00|1833,61|||20230419||
OD|Operations diverses|OD00039|20230113|590000|Depreciation des valeurs mobilieres de placement|||OD017633|20230113|ECRITURE DE REGULARISATION 01/2025|77,53|0,00|||20230118||
OD|Operations diverses|OD00039|20230113|623000|Publicite, publications, relations publiques|||OD017633|20230113|ECRITURE DE REGULARISATION 01/2025|0,00|77,53|||20230118||
OD|Operations diverses|OD00040|20230407|623000|Publicite, publications, relations publiques|||OD043136|20230407|ECRITURE DE REGULARISATION 01/2025|1629,00|0,00|||20230411||
OD|Operations diverses|OD00040|20230407|403000|Fournisseurs - Effets a payer|||OD043136|20230407|ECRITURE DE REGULARISATION 01/2025|0,00|1629,00|||20230411||
OD|Operations diverses|OD00041|20231030|606300|Fournitures d'entretien et petit equipement|||OD101547|20231030|ECRITURE DE REGULARISATION 02/2025|1853,00|0,00|||20231105||
OD|Operations diverses|OD00041|20231030|428200|Personnel - Conges payes|||OD101547|20231030|ECRITURE DE REGULARISATION 02/2025|0,00|1853,00|||20231105||
OD|Operations diverses|OD00042|20231025|413000|Clients - Effets a recevoir|||OD101049|20231025|ECRITURE DE REGULARISATION 02/2025|82,00|0,00|||20231101||
OD|Operations diverses|OD00042|20231025|695000|Impots sur les benefices|||OD101049|20231025|ECRITURE DE REGULARISATION 02/2025|0,00|82,00|||20231101||
OD|Operations diverses|OD00043|20231214|706000|Prestations de services|||OD121663|20231214|ECRITURE DE REGULARISATION 01/2025|1325,26|0,00|||20231218||
OD|Operations diverses|OD00043|20231214|612000|Redevances de credit-bail|||OD121663|20231214|ECRITURE DE REGULARISATION 01/2025|0,00|1325,26|||20231218||
OD|Operations diverses|OD00044|20230801|165000|Depots et cautionnements recus|||OD086826|20230801|ECRITURE DE REGULARISATION 01/2025|524,46|0,00|||20230807||
OD|Operations diverses|OD00044|20230801|621000|Personnel exterieur a l'entreprise|||OD086826|20230801|ECRITURE DE REGULARISATION 01/2025|0,00|524,46|||20230807||
OD|Operations diverses|OD00045|20231108|781740|Reprises sur provisions sur creances|||OD117920|20231108|ECRITURE DE REGULARISATION 01/2025|1599,81|0,00|||20231113||
OD|Operations diverses|OD00045|20231108|622600|Honoraires|||OD117920|20231108|ECRITURE DE REGULARISATION 01/2025|0,00|1599,81|||20231113||
OD|Operations diverses|OD00046|20230324|101000|Capital social|||OD035874|20230324|ECRITURE DE REGULARISATION 02/2025|349,55|0,00|||20230328||
OD|Operations diverses|OD00046|20230324|754000|Ristournes percues des cooperatives|||OD035874|20230324|ECRITURE DE REGULARISATION 02/2025|0,00|349,55|||20230328||
OD|Operations diverses|OD00047|20230516|606300|Fournitures d'entretien et petit equipement|||OD053892|20230516|ECRITURE DE REGULARISATION 02/2025|722,99|0,00|||20230520||
OD|Operations diverses|OD00047|20230516|471000|Compte d'attente|||OD053892|20230516|ECRITURE DE REGULARISATION 02/2025|0,00|722,99|||20230520||
OD|Operations diverses|OD00048|20230629|613200|Locations immobilieres|||OD053892|20230629|ECRITURE DE REGULARISATION 01/2025|1543,46|0,00|||20230705||
OD|Operations diverses|OD00048|20230629|425000|Personnel - Avances et acomptes|||OD067337|20230629|ECRITURE DE REGULARISATION 01/2025|0,00|1543,46|||20230705||
OD|Operations diverses|OD00049|20230110|695000|Impots sur les benefices|||OD018844|20230110|ECRITURE DE REGULARISATION 02/2025|1158,33|0,00|||20230116||
OD|Operations diverses|OD00049|20230110|590000|Depreciation des valeurs mobilieres de placement|||OD018844|20230110|ECRITURE DE REGULARISATION 02/2025|0,00|1158,33|||20230116||
OD|Operations diverses|OD00050|20231215|764000|Revenus des valeurs mobilieres de placement|||OD121655|20231215|ECRITURE DE REGULARISATION 01/2025|1475,04|0,00|||20231215||
OD|Operations diverses|OD00050|20231215|631000|Impots, taxes et versements assimiles sur remunerations|||OD121655|20231215|ECRITURE DE REGULARISATION 01/2025|0,00|1475,04|||20231215||
OD|Operations diverses|OD00051|20231201|445870|TVA sur factures a etablir|||OD121352|20231201|ECRITURE DE REGULARISATION 01/2025|847,50|0,00|||20231204||
OD|Operations diverses|OD00051|20231201|767000|Produits nets sur cessions de valeurs mobilieres de placement|||OD121352|20231201|ECRITURE DE REGULARISATION 01/2025|0,00|847,50|||20231204||
OD|Operations diverses|OD00052|20230508|590000|Depreciation des valeurs mobilieres de placement|||OD057381|20230508|ECRITURE DE REGULARISATION 02/2025|881,85|0,00|||20230509||
OD|Operations diverses|OD00052|20230508|437000|Autres organismes sociaux|||OD057381|20230508|ECRITURE DE REGULARISATION 02/2025|0,00|881,85|||20230509||
OD|Operations diverses|OD00053|20230307|397100|Depreciation des stocks de marchandises|||OD038327|20230307|ECRITURE DE REGULARISATION 01/2025|888,12|0,00|||20230308||
OD|Operations diverses|OD00053|20230307|671000|Charges exceptionnelles sur operations de gestion|||OD038327|20230307|ECRITURE DE REGULARISATION 01/2025|0,00|888,12|||20230308||
OD|Operations diverses|OD00054|20230216|608500|Frais accessoires d'achat|||OD029299|20230216|ECRITURE DE REGULARISATION 02/2025|687,31|0,00|||20230222||
OD|Operations diverses|OD00054|20230216|518700|Interets courus a recevoir|||OD029299|20230216|ECRITURE DE REGULARISATION 02/2025|0,00|687,31|||20230222||
OD|Operations diverses|OD00055|20231006|471000|Compte d'attente|||OD107851|20231006|ECRITURE DE REGULARISATION 01/2025|172,41|0,00|||20231006||
OD|Operations diverses|OD00055|20231006|451000|Groupe|||OD107851|20231006|ECRITURE DE REGULARISATION 01/2025|0,00|172,41|||20231006||
OD|Operations diverses|OD00056|20230113|213500|Installations generales, agencements|||OD016510|20230113|ECRITURE DE REGULARISATION 01/2025|4449,67|0,00|||20230116||
OD|Operations diverses|OD00056|20230113|512100|Banque secondaire|||OD016510|20230113|ECRITURE DE REGULARISATION 01/2025|0,00|4449,67|||20230116||
OD|Operations diverses|OD00057|20230511|771000|Produits exceptionnels sur operations de gestion|||OD059361|20230511|ECRITURE DE REGULARISATION 02/2025|844,30|0,00|||20230518||
OD|Operations diverses|OD00057|20230511|370000|Marchandises|||OD059361|20230511|ECRITURE DE REGULARISATION 02/2025|0,00|844,30|||20230518||
OD|Operations diverses|OD00058|20231110|608500|Frais accessoires d'achat|||VE094653|20231110|ECRITURE DE REGULARISATION 02/2025|1048,08|0,00|||20231113||
OD|Operations diverses|OD00058|20231110|419100|Clients - Avances et acomptes recus|||OD118014|20231110|ECRITURE DE REGULARISATION 02/2025|0,00|1048,08|||20231113||
OD|Operations diverses|OD00059|20230125|512000|Banque principale|||OD019459|20230125|ECRITURE DE REGULARISATION 01/2025|4036,67|0,00|||20230201||
OD|Operations diverses|OD00059|20230125|709000|Rabais, remises et ristournes accordes|||OD019459|20230125|ECRITURE DE REGULARISATION 01/2025|0,00|4036,67|||20230201||
OD|Operations diverses|OD00060|20230602|786500|Reprises sur provisions pour risques et charges financiers|||OD064579|20230602|ECRITURE DE REGULARISATION 02/2025|1544,00|0,00|||20230606||
OD|Operations diverses|OD00060|20230602|487000|Produits constates d'avance|||OD064579|20230602|ECRITURE DE REGULARISATION 02/2025|0,00|1544,00|||20230606||
OD|Operations diverses|OD00061|20231229|408100|Fournisseurs - Factures non parvenues|||OD124280|20231229|ECRITURE DE REGULARISATION 01/2025|502,78|0,00|||20231230||
OD|Operations diverses|OD00061|20231229|621000|Personnel exterieur a l'entreprise|||OD124280|20231229|ECRITURE DE REGULARISATION 01/2025|0,00|502,78|||20231230||
OD|Operations diverses|OD00062|20230414|691000|Participation des salaries aux resultats|||OD047436|20230414|ECRITURE DE REGULARISATION 01/2025|232,79|0,00|||20230414||
OD|Operations diverses|OD00062|20230414|425000|Personnel - Avances et acomptes|||OD047436|20230414|ECRITURE DE REGULARISATION 01/2025|0,00|232,79|||20230414||
OD|Operations diverses|OD00063|20230203|615500|Entretien et reparations sur biens mobiliers|||OD027269|20230203|ECRITURE DE REGULARISATION 02/2025|797,71|0,00|||20230210||
OD|Operations diverses|OD00063|20230203|512000|Banque principale|||OD027269|20230203|ECRITURE DE REGULARISATION 02/2025|0,00|797,71|||20230210||
OD|Operations diverses|OD00064|20230324|758000|Produits divers de gestion courante|||OD036433|20230324|ECRITURE DE REGULARISATION 01/2025|1823,08|0,00|||20230328||
OD|Operations diverses|OD00064|20230324|687000|Dot. amort. et provisions exceptionnels|||OD036433|20230324|ECRITURE DE REGULARISATION 01/2025|0,00|1823,08|||20230328||
OD|Operations diverses|OD00065|20230622|754000|Ristournes percues des cooperatives|||OD067483|20230622|ECRITURE DE REGULARISATION 01/2025|1542,83|0,00|||20230628||
OD|Operations diverses|OD00065|20230622|409100|Fournisseurs - Avances et acomptes verses|||OD067483|20230622|ECRITURE DE REGULARISATION 01/2025|0,00|1542,83|||20230628||
OD|Operations diverses|OD00066|20231006|106800|Autres reserves|||OD104872|20231006|ECRITURE DE REGULARISATION 01/2025|598,26|0,00|||20231006||
OD|Operations diverses|OD00066|20231006|445620|TVA deductible sur immobilisations|||OD104872|20231006|ECRITURE DE REGULARISATION 01/2025|0,00|598,26|||20231006||
OD|Operations diverses|OD00067|20230329|215400|Materiel industriel|||OD035962|20230329|ECRITURE DE REGULARISATION 01/2025|15736,69|0,00|||20230405||
OD|Operations diverses|OD00067|20230329|512100|Banque secondaire|||OD035962|20230329|ECRITURE DE REGULARISATION 01/2025|0,00|15736,69|||20230405||
OD|Operations diverses|OD00068|20230106|681110|Dot. amort. sur immo. incorporelles|||OD017759|20230106|ECRITURE DE REGULARISATION 01/2025|205,51|0,00|||20230111||
OD|Operations diverses|OD00068|20230106|418100|Clients - Factures a etablir|||OD017759|20230106|ECRITURE DE REGULARISATION 01/2025|0,00|205,51|||20230111||
OD|Operations diverses|OD00069|20230531|651000|Redevances pour concessions, brevets, licences, etc.|||OD053786|20230531|ECRITURE DE REGULARISATION 02/2025|1617,33|0,00|||20230606||
OD|Operations diverses|OD00069|20230531|451000|Groupe|||OD053786|20230531|ECRITURE DE REGULARISATION 02/2025|0,00|1617,33|||20230606||
OD|Operations diverses|OD00070|20231117|681110|Dot. amort. sur immo. incorporelles|||OD112792|20231117|ECRITURE DE REGULARISATION 02/2025|1794,79|0,00|||20231122||
OD|Operations diverses|OD00070|20231117|431000|Securite sociale|||OD112792|20231117|ECRITURE DE REGULARISATION 02/2025|0,00|1794,79|||20231122||
OD|Operations diverses|OD00071|20230412|675000|Valeurs comptables des elements d'actif cedes|||OD043104|20230412|ECRITURE DE REGULARISATION 02/2025|1276,32|0,00|||20230414||
OD|Operations diverses|OD00071|20230412|517000|Autres organismes financiers|||OD043104|20230412|ECRITURE DE REGULARISATION 02/2025|0,00|1276,32|||20230414||
OD|Operations diverses|OD00072|20230911|468600|Charges a payer|||OD092074|20230911|ECRITURE DE REGULARISATION 01/2025|922,54|0,00|||20230911||
OD|Operations diverses|OD00072|20230911|615600|Maintenance|||OD092074|20230911|ECRITURE DE REGULARISATION 01/2025|0,00|922,54|||20230911||
OD|Operations diverses|OD00073|20230310|120000|Resultat de l'exercice|||OD035093|20230310|ECRITURE DE REGULARISATION 01/2025|368,92|0,00|||20230314||
OD|Operations diverses|OD00073|20230310|691000|Participation des salaries aux resultats|||OD035093|20230310|ECRITURE DE REGULARISATION 01/2025|0,00|368,92|||20230314||
OD|Operations diverses|OD00074|20230517|695000|Impots sur les benefices|||OD055192|20230517|ECRITURE DE REGULARISATION 01/2025|1518,05|0,00|||20230518||
OD|Operations diverses|OD00074|20230517|445860|TVA sur factures non parvenues|||OD055192|20230517|ECRITURE DE REGULARISATION 01/2025|0,00|1518,05|||20230518||
OD|Operations diverses|OD00075|20230901|613500|Locations mobilieres|||OD092338|20230901|ECRITURE DE REGULARISATION 02/2025|295,70|0,00|||20230902||
OD|Operations diverses|OD00075|20230901|421000|Personnel - Remunerations dues|||OD092338|20230901|ECRITURE DE REGULARISATION 02/2025|0,00|295,70|||20230902||
OD|Operations diverses|OD00076|20231222|215400|Materiel industriel|||OD127537|20231222|ECRITURE DE REGULARISATION 01/2025|5265,55|0,00|||20231228||
OD|Operations diverses|OD00076|20231222|512000|Banque principale|||OD127537|20231222|ECRITURE DE REGULARISATION 01/2025|0,00|5265,55|||20231228||
OD|Operations diverses|OD00077|20230920|151000|Provisions pour risques|||OD091991|20230920|ECRITURE DE REGULARISATION 01/2025|982,98|0,00|||20230921||
OD|Operations diverses|OD00077|20230920|213500|Installations generales, agencements|||OD091991|20230920|ECRITURE DE REGULARISATION 01/2025|0,00|982,98|||20230921||
OD|Operations diverses|OD00078|20230428|518700|Interets courus a recevoir|||OD046823|20230428|ECRITURE DE REGULARISATION 01/2025|672,33|0,00|||20230504||
OD|Operations diverses|OD00078|20230428|720000|Production immobilisee|||OD046823|20230428|ECRITURE DE REGULARISATION 01/2025|0,00|672,33|||20230504||
OD|Operations diverses|OD00079|20230526|796000|Transferts de charges financieres|||OD052652|20230526|ECRITURE DE REGULARISATION 02/2025|1801,32|0,00|||20230601||
OD|Operations diverses|OD00079|20230526|642000|Remunerations des dirigeants|||OD052652|20230526|ECRITURE DE REGULARISATION 02/2025|0,00|1801,32|||20230601||
OD|Operations diverses|OD00080|20230902|691000|Participation des salaries aux resultats|||OD088577|20230830|ECRITURE DE REGULARISATION 01/2025|1793,69|0,00|||20230904||
OD|Operations diverses|OD00080|20230830|445660|TVA deductible sur ABS|||OD088577|20230830|ECRITURE DE REGULARISATION 01/2025|0,00|1793,69|||20230904||
OD|Operations diverses|OD00081|20230807|491000|Depreciation des comptes clients|||OD081807|20230807|ECRITURE DE REGULARISATION 01/2025|564,94|0,00|||20230812||
OD|Operations diverses|OD00081|20230807|486000|Charges constatees d'avance|||OD081807|20230807|ECRITURE DE REGULARISATION 01/2025|0,00|564,94|||20230812||
OD|Operations diverses|OD00082|20231222|781500|Reprises sur provisions pour risques et charges d'exploitation|||OD129401|20231222|ECRITURE DE REGULARISATION 01/2025|889,91|0,00|||20231227||
OD|Operations diverses|OD00082|20231222|767000|Produits nets sur cessions de valeurs mobilieres de placement|||OD129401|20231222|ECRITURE DE REGULARISATION 01/2025|0,00|889,91|||20231227||
OD|Operations diverses|OD00083|20230929|681110|Dot. amort. sur immo. incorporelles|||OD095313|20230929|ECRITURE DE REGULARISATION 01/2025|1914,26|0,00|||20231005||
OD|Operations diverses|OD00083|20230929|508000|Interets courus sur VMP|||OD095313|20230929|ECRITURE DE REGULARISATION 01/2025|0,00|1914,26|||20231005||
OD|Operations diverses|OD00084|20230724|445870|TVA sur factures a etablir|||OD076928|20230724|ECRITURE DE REGULARISATION 01/2025|449,96|0,00|||20230726||
OD|Operations diverses|OD00084|20230724|613200|Locations immobilieres|||OD076928|20230724|ECRITURE DE REGULARISATION 01/2025|0,00|449,96|||20230726||
OD|Operations diverses|OD00085|20231114|765000|Escomptes obtenus|||OD115527|20231114|ECRITURE DE REGULARISATION 01/2025|262,14|0,00|||20231114||
OD|Operations diverses|OD00085|20231114|350000|Produits finis|||OD115527|20231114|ECRITURE DE REGULARISATION 01/2025|0,00|262,14|||20231114||
OD|Operations diverses|OD00086|20231019|612000|Redevances de credit-bail|||OD106428|20231019|ECRITURE DE REGULARISATION 02/2025|42,85|0,00|||20231020||
OD|Operations diverses|OD00086|20231019|514000|Cheques postaux|||OD106428|20231019|ECRITURE DE REGULARISATION 02/2025|0,00|42,85|||20231020||
OD|Operations diverses|OD00087|20230530|281810|Amort. installations generales|||OD054987|20230530|ECRITURE DE REGULARISATION 02/2025|13980,03|0,00|||20230606||
OD|Operations diverses|OD00087|20230530|404000|Fournisseurs d'immobilisations|||OD054987|20230530|ECRITURE DE REGULARISATION 02/2025|0,00|13980,03|||20230606||
OD|Operations diverses|OD00088|20230303|615200|Entretien et reparations sur biens immobiliers|||OD032648|20230303|ECRITURE DE REGULARISATION 02/2025|1459,03|0,00|||20230306||
OD|Operations diverses|OD00088|20230303|445710|TVA collectee a payer|||OD032648|20230303|ECRITURE DE REGULARISATION 02/2025|0,00|1459,03|||20230306||
OD|Operations diverses|OD00089|20231020|602200|Achats de fournitures consommables|||OD109236|20231020|ECRITURE DE REGULARISATION 01/2025|1696,77|0,00|||20231020||
OD|Operations diverses|OD00089|20231020|518100|Interets courus a payer|||OD109236|20231020|ECRITURE DE REGULARISATION 01/2025|0,00|1696,77|||20231020||
OD|Operations diverses|OD00090|20230803|641000|Remunerations du personnel|||OD086013|20230803|ECRITURE DE REGULARISATION 02/2025|1892,72|0,00|||20230806||
OD|Operations diverses|OD00090|20230803|408400|Fournisseurs d'immobilisations - Factures non parvenues|||OD086013|20230803|ECRITURE DE REGULARISATION 02/2025|0,00|1892,72|||20230806||
OD|Operations diverses|OD00091|20231226|512000|Banque principale|||OD124899|20231226|ECRITURE DE REGULARISATION 02/2025|568,97|0,00|||20231227||
OD|Operations diverses|OD00091|20231226|628100|Concours divers (cotisations...)|||OD124899|20231226|ECRITURE DE REGULARISATION 02/2025|0,00|568,97|||20231227||
OD|Operations diverses|OD00092|20230714|131800|Autres subventions d'investissement|||OD075441|20230714|ECRITURE DE REGULARISATION 01/2025|705,87|0,00|||20230716||
OD|Operations diverses|OD00092|20230714|518700|Interets courus a recevoir|||OD075441|20230714|ECRITURE DE REGULARISATION 01/2025|0,00|705,87|||20230716||
OD|Operations diverses|OD00093|20230918|751000|Redevances pour concessions, brevets, licences, etc.|||OD094611|20230918|ECRITURE DE REGULARISATION 01/2025|754,44|0,00|||20230920||
OD|Operations diverses|OD00093|20230918|781740|Reprises sur provisions sur creances|||OD094611|20230918|ECRITURE DE REGULARISATION 01/2025|0,00|754,44|||20230920||
OD|Operations diverses|OD00094|20231006|681110|Dot. amort. sur immo. incorporelles|||OD109501|20231006|ECRITURE DE REGULARISATION 01/2025|1345,79|0,00|||20231008||
OD|Operations diverses|OD00094|20231006|445620|TVA deductible sur immobilisations|||OD109501|20231006|ECRITURE DE REGULARISATION 01/2025|0,00|1345,79|||20231008||
OD|Operations diverses|OD00095|20231006|215400|Materiel industriel|||OD107239|20231006|ECRITURE DE REGULARISATION 02/2025|17940,98|0,00|||20231013||
OD|Operations diverses|OD00095|20231006|512100|Banque secondaire|||OD107239|20231006|ECRITURE DE REGULARISATION 02/2025|0,00|17940,98|||20231013||
OD|Operations diverses|OD00096|20230331|471000|Compte d'attente|||OD034689|20230331|ECRITURE DE REGULARISATION 02/2025|968,55|0,00|||20230331||
OD|Operations diverses|OD00096|20230331|708500|Ports et frais accessoires factures|||OD034689|20230331|ECRITURE DE REGULARISATION 02/2025|0,00|968,55|||20230331||
OD|Operations diverses|OD00097|20230217|511000|Valeurs a l'encaissement|||OD023130|20230217|ECRITURE DE REGULARISATION 02/2025|379,15|0,00|||20230221||
OD|Operations diverses|OD00097|20230217|654000|Pertes sur creances irrecouvrables|||OD023130|20230217|ECRITURE DE REGULARISATION 02/2025|0,00|379,15|||20230221||
OD|Operations diverses|OD00098|20230920|740000|Subventions d'exploitation|||OD092505|20230920|ECRITURE DE REGULARISATION 01/2025|1995,02|0,00|||20230927||
OD|Operations diverses|OD00098|20230920|231000|Immobilisations corporelles en cours|||OD092505|20230920|ECRITURE DE REGULARISATION 01/2025|0,00|1995,02|||20230927||
OD|Operations diverses|OD00099|20231129|606100|Electricite, gaz, eau|||OD118933|20231129|ECRITURE DE REGULARISATION 01/2025|1917,11|0,00|||20231201||
OD|Operations diverses|OD00099|20231129|445510|TVA a decaisser|||OD118933|20231129|ECRITURE DE REGULARISATION 01/2025|0,00|1917,11|||20231201||
OD|Operations diverses|OD00100|20231020|709000|Rabais, remises et ristournes accordes|||OD107589|20231020|ECRITURE DE REGULARISATION 01/2025|899,29|0,00|||20231026||
OD|Operations diverses|OD00100|20231020|491000|Depreciation des comptes clients|||OD107589|20231020|ECRITURE DE REGULARISATION 01/2025|0,00|899,29|||20231026||
OD|Operations diverses|OD00101|20230918|758000|Produits divers de gestion courante|||OD091831|20230918|ECRITURE DE REGULARISATION 02/2025|168,76|0,00|||20230924||
OD|Operations diverses|OD00101|20230918|645000|Charges de securite sociale et de prevoyance|||OD091831|20230918|ECRITURE DE REGULARISATION 02/2025|0,00|168,76|||20230924||
OD|Operations diverses|OD00102|20231225|635000|Autres impots, taxes et versements assimiles|||BQ117945|20231225|ECRITURE DE REGULARISATION 01/2025|1240,87|0,00|||20231228||
OD|Operations diverses|OD00102|20231225|445670|TVA collectee|||OD128144|20231225|ECRITURE DE REGULARISATION 01/2025|0,00|1240,87|||20231228||
OD|Operations diverses|OD00103|20230901|441000|Etat - Impot sur les benefices|||OD093374|20230901|ECRITURE DE REGULARISATION 01/2025|396,36|0,00|||20230907||
OD|Operations diverses|OD00103|20230901|671000|Charges exceptionnelles sur operations de gestion|||OD093374|20230901|ECRITURE DE REGULARISATION 01/2025|0,00|396,36|||20230907||
OD|Operations diverses|OD00104|20230728|416000|Clients douteux|||OD071937|20230728|ECRITURE DE REGULARISATION 02/2025|671,97|0,00|||20230803||
OD|Operations diverses|OD00104|20230728|281840|Amort. mobilier|||OD071937|20230728|ECRITURE DE REGULARISATION 02/2025|0,00|671,97|||20230803||
OD|Operations diverses|OD00105|20230218|517000|Autres organismes financiers|||OD025500|20230217|ECRITURE DE REGULARISATION 02/2025|378,58|0,00|||20230218||
OD|Operations diverses|OD00105|20230217|622700|Frais d'actes et de contentieux|||OD025500|20230217|ECRITURE DE REGULARISATION 02/2025|0,00|378,58|||20230218||
OD|Operations diverses|OD00106|20230311|131800|Autres subventions d'investissement|||OD037642|20230310|ECRITURE DE REGULARISATION 01/2025|394,82|0,00|||20230314||
OD|Operations diverses|OD00106|20230310|215400|Materiel industriel|||OD037642|20230310|ECRITURE DE REGULARISATION 01/2025|0,00|394,82|||20230314||
OD|Operations diverses|OD00107|20231017|687000|Dot. amort. et provisions exceptionnels|||OD102180|20231017|ECRITURE DE REGULARISATION 02/2025|641,49|0,00|||20231020||
OD|Operations diverses|OD00107|20231017|409100|Fournisseurs - Avances et acomptes verses|||OD102180|20231017|ECRITURE DE REGULARISATION 02/2025|0,00|641,49|||20231020||
OD|Operations diverses|OD00108|20230616|428200|Personnel - Conges payes|||OD061942|20230616|ECRITURE DE REGULARISATION 02/2025|645,77|0,00|||20230620||
OD|Operations diverses|OD00108|20230616|622700|Frais d'actes et de contentieux|||OD061942|20230616|ECRITURE DE REGULARISATION 02/2025|0,00|645,77|||20230620||
OD|Operations diverses|OD00109|20230224|231000|Immobilisations corporelles en cours|||OD027631|20230224|ECRITURE DE REGULARISATION 02/2025|16304,46|0,00|||20230302||
OD|Operations diverses|OD00109|20230224|512100|Banque secondaire|||OD027631|20230224|ECRITURE DE REGULARISATION 02/2025|0,00|16304,46|||20230302||
OD|Operations diverses|OD00110|20230901|514000|Cheques postaux|||OD094457|20230901|ECRITURE DE REGULARISATION 02/2025|690,81|0,00|||20230906||
OD|Operations diverses|OD00110|20230901|445510|TVA a decaisser|||OD094457|20230901|ECRITURE DE REGULARISATION 02/2025|0,00|690,81|||20230906||
OD|Operations diverses|OD00111|20231013|613200|Locations immobilieres|||OD109365|20231013|ECRITURE DE REGULARISATION 02/2025|1215,43|0,00|||20231015||
OD|Operations diverses|OD00111|20231013|444000|Etat - Impots sur les benefices|||OD109365|20231013|ECRITURE DE REGULARISATION 02/2025|0,00|1215,43|||20231015||
OD|Operations diverses|OD00112|20230120|648000|Autres charges de personnel|||OD014007|20230120|ECRITURE DE REGULARISATION 02/2025|1941,35|0,00|||20230125||
OD|Operations diverses|OD00112|20230120|511000|Valeurs a l'encaissement|||OD014007|20230120|ECRITURE DE REGULARISATION 02/2025|0,00|1941,35|||20230125||
OD|Operations diverses|OD00113|20230130|445670|TVA collectee|||OD016561|20230130|ECRITURE DE REGULARISATION 02/2025|55,19|0,00|||20230203||
OD|Operations diverses|OD00113|20230130|765000|Escomptes obtenus|||OD016561|20230130|ECRITURE DE REGULARISATION 02/2025|0,00|55,19|||20230203||
OD|Operations diverses|OD00114|20231219|215400|Materiel industriel|||OD127961|20231219|ECRITURE DE REGULARISATION 01/2025|17284,61|0,00|||20231225||
OD|Operations diverses|OD00114|20231219|404000|Fournisseurs d'immobilisations|||OD127961|20231219|ECRITURE DE REGULARISATION 01/2025|0,00|17284,61|||20231225||
OD|Operations diverses|OD00115|20231027|615500|Entretien et reparations sur biens mobiliers|||OD101870|20231027|ECRITURE DE REGULARISATION 02/2025|1341,73|0,00|||20231027||
OD|Operations diverses|OD00115|20231027|408100|Fournisseurs - Factures non parvenues|||OD101870|20231027|ECRITURE DE REGULARISATION 02/2025|0,00|1341,73|||20231027||
OD|Operations diverses|OD00116|20231013|766000|Gains de change|||OD107336|20231013|ECRITURE DE REGULARISATION 01/2025|999,68|0,00|||20231019||
OD|Operations diverses|OD00116|20231013|120000|Resultat de l'exercice|||OD107336|20231013|ECRITURE DE REGULARISATION 01/2025|0,00|999,68|||20231019||
OD|Operations diverses|OD00117|20230628|777000|Quote-part des subventions d'investissement viree au resultat|||VE031884|20230628|ECRITURE DE REGULARISATION 01/2025|117,56|0,00|||20230629||
OD|Operations diverses|OD00117|20230628|486000|Charges constatees d'avance|||OD068544|20230628|ECRITURE DE REGULARISATION 01/2025|0,00|117,56|||20230629||
OD|Operations diverses|OD00118|20230103|447100|Autres impots, taxes et versements assimiles|||OD012143|20230103|ECRITURE DE REGULARISATION 02/2025|738,33|0,00|||20230105||
OD|Operations diverses|OD00118|20230103|758000|Produits divers de gestion courante|||OD012143|20230103|ECRITURE DE REGULARISATION 02/2025|0,00|738,33|||20230105||
OD|Operations diverses|OD00119|20230925|740000|Subventions d'exploitation|||OD098716|20230925|ECRITURE DE REGULARISATION 01/2025|592,59|0,00|||20230928||
OD|Operations diverses|OD00119|20230925|622700|Frais d'actes et de contentieux|||OD098716|20230925|ECRITURE DE REGULARISATION 01/2025|0,00|592,59|||20230928||
OD|Operations diverses|OD00120|20230824|101000|Capital social|||OD083602|20230824|ECRITURE DE REGULARISATION 02/2025|480,99|0,00|||20230827||
OD|Operations diverses|OD00120|20230824|606300|Fournitures d'entretien et petit equipement|||OD083602|20230824|ECRITURE DE REGULARISATION 02/2025|0,00|480,99|||20230827||
OD|Operations diverses|OD00121|20230908|607000|Achats de marchandises|||OD093126|20230908|ECRITURE DE REGULARISATION 01/2025|197,19|0,00|||20230911||
OD|Operations diverses|OD00121|20230908|445670|TVA collectee|||OD093126|20230908|ECRITURE DE REGULARISATION 01/2025|0,00|197,19|||20230911||
OD|Operations diverses|OD00122|20230213|321000|Matieres consommables|||OD024197|20230213|ECRITURE DE REGULARISATION 02/2025|911,64|0,00|||20230216||
OD|Operations diverses|OD00122|20230213|628100|Concours divers (cotisations...)|||OD024197|20230213|ECRITURE DE REGULARISATION 02/2025|0,00|911,64|||20230216||
OD|Operations diverses|OD00123|20230719|231000|Immobilisations corporelles en cours|||OD077653|20230719|ECRITURE DE REGULARISATION 01/2025|1759,23|0,00|||20230720||
OD|Operations diverses|OD00123|20230719|404000|Fournisseurs d'immobilisations|||OD077653|20230719|ECRITURE DE REGULARISATION 01/2025|0,00|1759,23|||20230720||
OD|Operations diverses|OD00124|20230207|621000|Personnel exterieur a l'entreprise|||OD026924|20230207|ECRITURE DE REGULARISATION 01/2025|128,38|0,00|||20230212||
OD|Operations diverses|OD00124|20230207|416000|Clients douteux|||OD026924|20230207|ECRITURE DE REGULARISATION 01/2025|0,00|128,38|||20230212||
OD|Operations diverses|OD00125|20230707|106800|Autres reserves|||OD074121|20230707|ECRITURE DE REGULARISATION 02/2025|144,45|0,00|||20230708||
OD|Operations diverses|OD00125|20230707|445510|TVA a decaisser|||OD074121|20230707|ECRITURE DE REGULARISATION 02/2025|0,00|144,45|||20230708||
OD|Operations diverses|OD00126|20230418|608500|Frais accessoires d'achat|||OD045177|20230418|ECRITURE DE REGULARISATION 02/2025|1801,76|0,00|||20230424||
OD|Operations diverses|OD00126|20230418|580000|Virements internes|||OD045177|20230418|ECRITURE DE REGULARISATION 02/2025|0,00|1801,76|||20230424||
OD|Operations diverses|OD00127|20230524|766000|Gains de change|||OD055802|20230524|ECRITURE DE REGULARISATION 02/2025|414,00|0,00|||20230531||
OD|Operations diverses|OD00127|20230524|606300|Fournitures d'entretien et petit equipement|||OD055802|20230524|ECRITURE DE REGULARISATION 02/2025|0,00|414,00|||20230531||
OD|Operations diverses|OD00128|20230721|508000|Interets courus sur VMP|||BQ109806|20230721|ECRITURE DE REGULARISATION 02/2025|385,66|0,00|||20230728||
OD|Operations diverses|OD00128|20230721|431000|Securite sociale|||BQ109806|20230721|ECRITURE DE REGULARISATION 02/2025|0,00|385,66|||20230728||
OD|Operations diverses|OD00129|20230824|151000|Provisions pour risques|||OD085347|20230824|ECRITURE DE REGULARISATION 01/2025|192,64|0,00|||20230830||
OD|Operations diverses|OD00129|20230824|401000|Fournisseurs|F00009|NETTOYAGE SERVICE|OD085347|20230824|ECRITURE DE REGULARISATION 01/2025|0,00|192,64|||20230830||
OD|Operations diverses|OD00130|20230217|651000|Redevances pour concessions, brevets, licences, etc.|||OD023690|20230217|ECRITURE DE REGULARISATION 01/2025|324,09|0,00|||20230217||
OD|Operations diverses|OD00130|20230217|408100|Fournisseurs - Factures non parvenues|||OD023690|20230217|ECRITURE DE REGULARISATION 01/2025|0,00|324,09|||20230217||
OD|Operations diverses|OD00131|20230718|665000|Escomptes accordes|||OD072512|20230718|ECRITURE DE REGULARISATION 02/2025|59,06|0,00|||20230720||
OD|Operations diverses|OD00131|20230718|451000|Groupe|||OD072512|20230718|ECRITURE DE REGULARISATION 02/2025|0,00|59,06|||20230720||
OD|Operations diverses|OD00132|20231223|648000|Autres charges de personnel|||OD123467|20231220|ECRITURE DE REGULARISATION 01/2025|224,82|0,00|||20231221||
OD|Operations diverses|OD00132|20231220|468600|Charges a payer|||OD123467|20231220|ECRITURE DE REGULARISATION 01/2025|0,00|224,82|||20231221||
OD|Operations diverses|OD00133|20230815|401000|Fournisseurs|F00004|PAPETERIE EXPRESS|OD081315|20230815|ECRITURE DE REGULARISATION 01/2025|1345,29|0,00|||20230819||
OD|Operations diverses|OD00133|20230815|514000|Cheques postaux|||OD081315|20230815|ECRITURE DE REGULARISATION 01/2025|0,00|1345,29|||20230819||
OD|Operations diverses|OD00134|20230721|602100|Achats de matieres consommables|||OD079700|20230721|ECRITURE DE REGULARISATION 01/2025|1025,74|0,00|||20230723||
OD|Operations diverses|OD00134|20230721|408400|Fournisseurs d'immobilisations - Factures non parvenues|||OD079700|20230721|ECRITURE DE REGULARISATION 01/2025|0,00|1025,74|||20230723||
OD|Operations diverses|OD00135|20230815|517000|Autres organismes financiers|||OD083916|20230815|ECRITURE DE REGULARISATION 02/2025|757,72|0,00|||20230822||
OD|Operations diverses|OD00135|20230815|428200|Personnel - Conges payes|||OD083916|20230815|ECRITURE DE REGULARISATION 02/2025|0,00|757,72|||20230822||
OD|Operations diverses|OD00136|20231010|397100|Depreciation des stocks de marchandises|||OD108990|20231010|ECRITURE DE REGULARISATION 02/2025|110,72|0,00|||20231012||
OD|Operations diverses|OD00136|20231010|713000|Variation des stocks|||OD108990|20231010|ECRITURE DE REGULARISATION 02/2025|0,00|110,72|||20231012||
OD|Operations diverses|OD00137|20230209|397100|Depreciation des stocks de marchandises|||OD023979|20230209|ECRITURE DE REGULARISATION 01/2025|126,67|0,00|||20230213||
OD|Operations diverses|OD00137|20230209|762000|Produits des autres immobilisations financieres|||OD023979|20230209|ECRITURE DE REGULARISATION 01/2025|0,00|126,67|||20230213||
OD|Operations diverses|OD00138|20231214|691000|Participation des salaries aux resultats|||OD127303|20231214|ECRITURE DE REGULARISATION 01/2025|1709,77|0,00|||20231216||
OD|Operations diverses|OD00138|20231214|445710|TVA collectee a payer|||OD127303|20231214|ECRITURE DE REGULARISATION 01/2025|0,00|1709,77|||20231216||
OD|Operations diverses|OD00139|20230912|622600|Honoraires|||OD093284|20230912|ECRITURE DE REGULARISATION 02/2025|1162,48|0,00|||20230912||
OD|Operations diverses|OD00139|20230912|511000|Valeurs a l'encaissement|||OD093284|20230912|ECRITURE DE REGULARISATION 02/2025|0,00|1162,48|||20230912||
OD|Operations diverses|OD00140|20230519|445670|TVA collectee|||VE048927|20230519|ECRITURE DE REGULARISATION 01/2025|267,50|0,00|||20230522||
OD|Operations diverses|OD00140|20230519|626000|Frais postaux et de telecommunications|||OD057586|20230519|ECRITURE DE REGULARISATION 01/2025|0,00|267,50|||20230522||
OD|Operations diverses|OD00141|20230818|681740|Dot. provisions sur creances|||OD085791|20230818|ECRITURE DE REGULARISATION 02/2025|596,34|0,00|||20230823||
OD|Operations diverses|OD00141|20230818|416000|Clients douteux|||OD085791|20230818|ECRITURE DE REGULARISATION 02/2025|0,00|596,34|||20230823||
OD|Operations diverses|OD00142|20230330|164000|Emprunts aupres des etablissements de credit|||OD032362|20230330|ECRITURE DE REGULARISATION 02/2025|199,64|0,00|||20230331||
OD|Operations diverses|OD00142|20230330|777000|Quote-part des subventions d'investissement viree au resultat|||OD032362|20230330|ECRITURE DE REGULARISATION 02/2025|0,00|199,64|||20230331||
OD|Operations diverses|OD00143|20230915|419100|Clients - Avances et acomptes recus|||OD091481|20230915|ECRITURE DE REGULARISATION 02/2025|924,89|0,00|||20230918||
OD|Operations diverses|OD00143|20230915|218300|Materiel de bureau et informatique|||OD091481|20230915|ECRITURE DE REGULARISATION 02/2025|0,00|924,89|||20230918||
OD|Operations diverses|OD00144|20230427|786500|Reprises sur provisions pour risques et charges financiers|||OD045682|20230427|ECRITURE DE REGULARISATION 02/2025|462,12|0,00|||20230428||
OD|Operations diverses|OD00144|20230427|418100|Clients - Factures a etablir|||OD045682|20230427|ECRITURE DE REGULARISATION 02/2025|0,00|462,12|||20230428||
OD|Operations diverses|OD00145|20231017|355000|Produits finis (groupe)|||OD108658|20231017|ECRITURE DE REGULARISATION 01/2025|637,05|0,00|||20231021||
OD|Operations diverses|OD00145|20231017|445510|TVA a decaisser|||OD108658|20231017|ECRITURE DE REGULARISATION 01/2025|0,00|637,05|||20231021||
OD|Operations diverses|OD00146|20230105|708500|Ports et frais accessoires factures|||OD018420|20230105|ECRITURE DE REGULARISATION 02/2025|957,21|0,00|||20230105||
OD|Operations diverses|OD00146|20230105|611000|Sous-traitance generale|||OD018420|20230105|ECRITURE DE REGULARISATION 02/2025|0,00|957,21|||20230105||
VE|Ventes|VE00001|20230125|706000|Prestations de services|||VE016888|20230125|FACT CLIENT CLIENT EPSILON 780232|260,57|0,00|||20230131||
VE|Ventes|VE00001|20230125|645000|Charges de securite sociale et de prevoyance|||VE016888|20230125|FACT CLIENT CLIENT EPSILON 780232|0,00|260,57|||20230131||
VE|Ventes|VE00002|20230308|706000|Prestations de services|||VE034050|20230308|FACT CLIENT CLIENT EPSILON 791341|985,25|0,00|||20230309||
VE|Ventes|VE00002|20230308|218300|Materiel de bureau et informatique|||VE034050|20230308|FACT CLIENT CLIENT EPSILON 791341|0,00|985,25|||20230309||
VE|Ventes|VE00003|20230612|708500|Ports et frais accessoires factures|||VE069190|20230612|FACT CLIENT CLIENT DELTA 815997|41,34|0,00|||20230613||
VE|Ventes|VE00003|20230612|613500|Locations mobilieres|||VE069190|20230612|FACT CLIENT CLIENT DELTA 815997|0,00|41,34|||20230613||
VE|Ventes|VE00004|20230922|418100|Clients - Factures a etablir|||VE091525|20230922|FACT CLIENT CLIENT DELTA 188827|543,79|0,00|||20230928||
VE|Ventes|VE00004|20230922|611000|Sous-traitance generale|||VE091525|20230922|FACT CLIENT CLIENT DELTA 188827|0,00|543,79|||20230928||
VE|Ventes|VE00005|20230116|707000|Ventes de marchandises|||VE014747|20230116|FACT CLIENT CLIENT EPSILON 117065|1288,06|0,00|||20230120||
VE|Ventes|VE00005|20230116|681110|Dot. amort. sur immo. incorporelles|||VE014747|20230116|FACT CLIENT CLIENT EPSILON 117065|0,00|1288,06|||20230120||
VE|Ventes|VE00006|20230623|708500|Ports et frais accessoires factures|||VE065292|20230623|FACT CLIENT CLIENT BETA 864419|617,46|0,00|||20230626||
VE|Ventes|VE00006|20230623|201000|Frais d'etablissement|||VE065292|20230623|FACT CLIENT CLIENT BETA 864419|0,00|617,46|||20230626||
VE|Ventes|VE00007|20230714|418100|Clients - Factures a etablir|||VE074593|20230714|FACT CLIENT CLIENT ALPHA 237150|415,69|0,00|||20230719||
VE|Ventes|VE00007|20230714|281310|Amort. batiments|||VE074593|20230714|FACT CLIENT CLIENT ALPHA 237150|0,00|415,69|||20230719||
VE|Ventes|VE00008|20231229|708500|Ports et frais accessoires factures|||VE121867|20231229|FACT CLIENT CLIENT BETA 281468|1860,14|0,00|||20231231||
VE|Ventes|VE00008|20231229|786500|Reprises sur provisions pour risques et charges financiers|||VE121867|20231229|FACT CLIENT CLIENT BETA 281468|0,00|1860,14|||20231231||
VE|Ventes|VE00009|20230308|411000|Clients|C00009|CLIENT IOTA|VE039982|20230308|FACT CLIENT CLIENT DELTA 794016|6292,51|0,00|||20230308||
VE|Ventes|VE00009|20230308|427000|Personnel - Oppositions|||VE039982|20230308|FACT CLIENT CLIENT DELTA 794016|0,00|6292,51|||20230308||
VE|Ventes|VE00010|20230421|707000|Ventes de marchandises|||VE047988|20230421|FACT CLIENT CLIENT ALPHA 845504|1763,64|0,00|||20230428||
VE|Ventes|VE00010|20230421|514000|Cheques postaux|||VE047988|20230421|FACT CLIENT CLIENT ALPHA 845504|0,00|1763,64|||20230428||
VE|Ventes|VE00011|20231114|709000|Rabais, remises et ristournes accordes|||VE111465|20231114|FACT CLIENT CLIENT BETA 392160|866,19|0,00|||20231114||
VE|Ventes|VE00011|20231114|418100|Clients - Factures a etablir|||VE111465|20231114|FACT CLIENT CLIENT BETA 392160|0,00|866,19|||20231114||
VE|Ventes|VE00012|20230209|708500|Ports et frais accessoires factures|||VE027562|20230209|FACT CLIENT CLIENT ALPHA 464279|697,00|0,00|||20230215||
VE|Ventes|VE00012|20230209|687000|Dot. amort. et provisions exceptionnels|||VE027562|20230209|FACT CLIENT CLIENT ALPHA 464279|0,00|697,00|||20230215||
VE|Ventes|VE00013|20230728|413000|Clients - Effets a recevoir|||VE074055|20230728|FACT CLIENT CLIENT DELTA 718637|176,13|0,00|||20230804||
VE|Ventes|VE00013|20230728|408100|Fournisseurs - Factures non parvenues|||VE074055|20230728|FACT CLIENT CLIENT DELTA 718637|0,00|176,13|||20230804||
VE|Ventes|VE00014|20231215|706000|Prestations de services|||VE125367|20231215|FACT CLIENT CLIENT ALPHA 725777|710,08|0,00|||20231222||
VE|Ventes|VE00014|20231215|762000|Produits des autres immobilisations financieres|||VE125367|20231215|FACT CLIENT CLIENT ALPHA 725777|0,00|710,08|||20231222||
VE|Ventes|VE00015|20231027|706000|Prestations de services|||VE105662|20231027|FACT CLIENT CLIENT EPSILON 796210|854,97|0,00|||20231103||
VE|Ventes|VE00015|20231027|763000|Revenus des autres creances|||VE105662|20231027|FACT CLIENT CLIENT EPSILON 796210|0,00|854,97|||20231103||
VE|Ventes|VE00016|20230309|418100|Clients - Factures a etablir|||VE032471|20230309|FACT CLIENT CLIENT BETA 710587|383,03|0,00|||20230315||
VE|Ventes|VE00016|20230309|612000|Redevances de credit-bail|||VE032471|20230309|FACT CLIENT CLIENT BETA 710587|0,00|383,03|||20230315||
VE|Ventes|VE00017|20231128|413000|Clients - Effets a recevoir|||VE112092|20231128|FACT CLIENT CLIENT ALPHA 77933|300,90|0,00|||20231128||
VE|Ventes|VE00017|20231128|601000|Achats de matieres premieres|||VE112092|20231128|FACT CLIENT CLIENT ALPHA 77933|0,00|300,90|||20231128||
VE|Ventes|VE00018|20230602|416000|Clients douteux|||VE068277|20230602|FACT CLIENT CLIENT DELTA 125003|611,79|0,00|||20230607||
VE|Ventes|VE00018|20230602|762000|Produits des autres immobilisations financieres|||VE068277|20230602|FACT CLIENT CLIENT DELTA 125003|0,00|611,79|||20230607||
VE|Ventes|VE00019|20230526|709000|Rabais, remises et ristournes accordes|||VE051675|20230526|FACT CLIENT CLIENT BETA 532235|1116,65|0,00|||20230602||
VE|Ventes|VE00019|20230526|511000|Valeurs a l'encaissement|||VE051675|20230526|FACT CLIENT CLIENT BETA 532235|0,00|1116,65|||20230602||
VE|Ventes|VE00020|20230612|418100|Clients - Factures a etablir|||VE061146|20230612|FACT CLIENT CLIENT GAMMA 235804|730,46|0,00|||20230614||
VE|Ventes|VE00020|20230612|625700|Receptions|||VE061146|20230612|FACT CLIENT CLIENT GAMMA 235804|0,00|730,46|||20230614||
VE|Ventes|VE00021|20230428|709000|Rabais, remises et ristournes accordes|||VE042625|20230428|FACT CLIENT CLIENT ALPHA 248347|637,35|0,00|||20230430||
VE|Ventes|VE00021|20230428|701000|Ventes de produits finis|||VE042625|20230428|FACT CLIENT CLIENT ALPHA 248347|0,00|637,35|||20230430||
VE|Ventes|VE00022|20230414|706000|Prestations de services|||VE048766|20230414|FACT CLIENT CLIENT BETA 123891|1386,78|0,00|||20230420||
VE|Ventes|VE00022|20230414|675000|Valeurs comptables des elements d'actif cedes|||VE048766|20230414|FACT CLIENT CLIENT BETA 123891|0,00|1386,78|||20230420||
VE|Ventes|VE00023|20230830|707000|Ventes de marchandises|||VE089346|20230830|FACT CLIENT CLIENT GAMMA 408325|1496,37|0,00|||20230905||
VE|Ventes|VE00023|20230830|508000|Interets courus sur VMP|||VE089346|20230830|FACT CLIENT CLIENT GAMMA 408325|0,00|1496,37|||20230905||
VE|Ventes|VE00024|20230912|707000|Ventes de marchandises|||VE094695|20230912|FACT CLIENT CLIENT EPSILON 922767|1474,75|0,00|||20230914||
VE|Ventes|VE00024|20230912|467000|Autres comptes debiteurs ou crediteurs|||VE094695|20230912|FACT CLIENT CLIENT EPSILON 922767|0,00|1474,75|||20230914||
VE|Ventes|VE00025|20230508|707000|Ventes de marchandises|||VE051121|20230508|FACT CLIENT CLIENT GAMMA 916455|432,81|0,00|||20230511||
VE|Ventes|VE00025|20230508|681740|Dot. provisions sur creances|||VE051121|20230508|FACT CLIENT CLIENT GAMMA 916455|0,00|432,81|||20230511||
VE|Ventes|VE00026|20230621|706000|Prestations de services|||VE069619|20230621|FACT CLIENT CLIENT DELTA 880580|970,33|0,00|||20230627||
VE|Ventes|VE00026|20230621|602100|Achats de matieres consommables|||VE069619|20230621|FACT CLIENT CLIENT DELTA 880580|0,00|970,33|||20230627||
VE|Ventes|VE00027|20230726|418100|Clients - Factures a etablir|||VE078113|20230726|FACT CLIENT CLIENT EPSILON 459886|546,17|0,00|||20230802||
VE|Ventes|VE00027|20230726|766000|Gains de change|||VE078113|20230726|FACT CLIENT CLIENT EPSILON 459886|0,00|546,17|||20230802||
VE|Ventes|VE00028|20230321|709000|Rabais, remises et ristournes accordes|||VE034229|20230321|FACT CLIENT CLIENT BETA 426235|456,83|0,00|||20230323||
VE|Ventes|VE00028|20230321|218200|Materiel de transport|||VE034229|20230321|FACT CLIENT CLIENT BETA 426235|0,00|456,83|||20230323||
VE|Ventes|VE00029|20230922|706000|Prestations de services|||VE091199|20230922|FACT CLIENT CLIENT ALPHA 485619|1232,01|0,00|||20230925||
VE|Ventes|VE00029|20230922|151000|Provisions pour risques|||VE091199|20230922|FACT CLIENT CLIENT ALPHA 485619|0,00|1232,01|||20230925||
VE|Ventes|VE00030|20230224|411000|Clients|C00008|CLIENT THETA|VE026138|20230224|FACT CLIENT CLIENT ALPHA 819823|6801,18|0,00|||20230228||
VE|Ventes|VE00030|20230224|207000|Fonds commercial|||VE026138|20230224|FACT CLIENT CLIENT ALPHA 819823|0,00|6801,18|||20230228||
VE|Ventes|VE00031|20231010|416000|Clients douteux|||VE107756|20231010|FACT CLIENT CLIENT DELTA 981741|725,43|0,00|||20231013||
VE|Ventes|VE00031|20231010|602100|Achats de matieres consommables|||VE107756|20231010|FACT CLIENT CLIENT DELTA 981741|0,00|725,43|||20231013||
VE|Ventes|VE00032|20230210|707000|Ventes de marchandises|||VE024765|20230210|FACT CLIENT CLIENT BETA 162006|816,17|0,00|||20230216||
VE|Ventes|VE00032|20230210|419100|Clients - Avances et acomptes recus|||VE024765|20230210|FACT CLIENT CLIENT BETA 162006|0,00|816,17|||20230216||
VE|Ventes|VE00033|20230825|709000|Rabais, remises et ristournes accordes|||VE087719|20230825|FACT CLIENT CLIENT ALPHA 821481|85,46|0,00|||20230826||
VE|Ventes|VE00033|20230826|798000|Integration fiscale - Produits|||VE087719|20230825|FACT CLIENT CLIENT ALPHA 821481|0,00|85,46|||20230826||
VE|Ventes|VE00034|20230504|411000|Clients|C00003|CLIENT GAMMA|VE053105|20230504|FACT CLIENT CLIENT GAMMA 922932|5824,83|0,00|||20230504||
VE|Ventes|VE00034|20230504|606400|Fournitures administratives|||VE053105|20230504|FACT CLIENT CLIENT GAMMA 922932|0,00|5824,83|||20230504||
VE|Ventes|VE00035|20231116|707000|Ventes de marchandises|||VE116042|20231116|FACT CLIENT CLIENT GAMMA 54603|1286,26|0,00|||20231118||
VE|Ventes|VE00035|20231116|607000|Achats de marchandises|||VE116042|20231116|FACT CLIENT CLIENT GAMMA 54603|0,00|1286,26|||20231118||
VE|Ventes|VE00036|20230904|706000|Prestations de services|||VE092969|20230904|FACT CLIENT CLIENT DELTA 949357|1206,36|0,00|||20230911||
VE|Ventes|VE00036|20230904|419100|Clients - Avances et acomptes recus|||VE092969|20230904|FACT CLIENT CLIENT DELTA 949357|0,00|1206,36|||20230911||
VE|Ventes|VE00037|20230824|701000|Ventes de produits finis|||VE085045|20230824|FACT CLIENT CLIENT DELTA 785346|1624,80|0,00|||20230828||
VE|Ventes|VE00037|20230824|512100|Banque secondaire|||VE085045|20230824|FACT CLIENT CLIENT DELTA 785346|0,00|1624,80|||20230828||
VE|Ventes|VE00038|20230609|413000|Clients - Effets a recevoir|||VE068597|20230609|FACT CLIENT CLIENT BETA 859346|32,45|0,00|||20230609||
VE|Ventes|VE00038|20230609|431000|Securite sociale|||VE068597|20230609|FACT CLIENT CLIENT BETA 859346|0,00|32,45|||20230609||
VE|Ventes|VE00039|20231013|418100|Clients - Factures a etablir|||VE101804|20231013|FACT CLIENT CLIENT BETA 954277|938,14|0,00|||20231016||
VE|Ventes|VE00039|20231013|687000|Dot. amort. et provisions exceptionnels|||VE101804|20231013|FACT CLIENT CLIENT BETA 954277|0,00|938,14|||20231016||
VE|Ventes|VE00040|20231123|706000|Prestations de services|||VE119412|20231123|FACT CLIENT CLIENT DELTA 872854|1408,88|0,00|||20231125||
VE|Ventes|VE00040|20231123|766000|Gains de change|||VE119412|20231123|FACT CLIENT CLIENT DELTA 872854|0,00|1408,88|||20231125||
VE|Ventes|VE00041|20231010|419100|Clients - Avances et acomptes recus|||VE109420|20231010|FACT CLIENT CLIENT GAMMA 501280|502,63|0,00|||20231015||
VE|Ventes|VE00041|20231010|403000|Fournisseurs - Effets a payer|||VE109420|20231010|FACT CLIENT CLIENT GAMMA 501280|0,00|502,63|||20231015||
VE|Ventes|VE00042|20230915|701000|Ventes de produits finis|||VE097485|20230915|FACT CLIENT CLIENT GAMMA 268607|1251,99|0,00|||20230917||
VE|Ventes|VE00042|20230915|437000|Autres organismes sociaux|||VE097485|20230915|FACT CLIENT CLIENT GAMMA 268607|0,00|1251,99|||20230917||
VE|Ventes|VE00043|20230210|707000|Ventes de marchandises|||VE029441|20230210|FACT CLIENT CLIENT BETA 30386|950,39|0,00|||20230216||
VE|Ventes|VE00043|20230210|691000|Participation des salaries aux resultats|||VE029441|20230210|FACT CLIENT CLIENT BETA 30386|0,00|950,39|||20230216||
VE|Ventes|VE00044|20231101|411000|Clients|C00003|CLIENT GAMMA|VE118195|20231101|FACT CLIENT CLIENT BETA 192232|3966,21|0,00|||20231102||
VE|Ventes|VE00044|20231101|771000|Produits exceptionnels sur operations de gestion|||VE118195|20231101|FACT CLIENT CLIENT BETA 192232|0,00|3966,21|||20231102||
VE|Ventes|VE00045|20230601|418100|Clients - Factures a etablir|||VE061844|20230601|FACT CLIENT CLIENT DELTA 824344|21,22|0,00|||20230606||
VE|Ventes|VE00045|20230601|623100|Annonces et insertions|||VE061844|20230601|FACT CLIENT CLIENT DELTA 824344|0,00|21,22|||20230606||
VE|Ventes|VE00046|20231228|411000|Clients|C00007|CLIENT ETA|VE123629|20231228|FACT CLIENT CLIENT DELTA 71568|9202,41|0,00|||20231230||
VE|Ventes|VE00046|20231228|606800|Autres matieres et fournitures|||VE123629|20231228|FACT CLIENT CLIENT DELTA 71568|0,00|9202,41|||20231230||
VE|Ventes|VE00047|20230628|419100|Clients - Avances et acomptes recus|||VE063878|20230628|FACT CLIENT CLIENT DELTA 315700|696,10|0,00|||20230705||
VE|Ventes|VE00047|20230628|580000|Virements internes|||VE063878|20230628|FACT CLIENT CLIENT DELTA 315700|0,00|696,10|||20230705||
VE|Ventes|VE00048|20230919|419100|Clients - Avances et acomptes recus|||VE094653|20230919|FACT CLIENT CLIENT ALPHA 740549|923,05|0,00|||20230921||
VE|Ventes|VE00048|20230919|658000|Charges diverses de gestion courante|||VE094653|20230919|FACT CLIENT CLIENT ALPHA 740549|0,00|923,05|||20230921||
VE|Ventes|VE00049|20231124|419100|Clients - Avances et acomptes recus|||VE117995|20231124|FACT CLIENT CLIENT ALPHA 977100|295,70|0,00|||20231129||
VE|Ventes|VE00049|20231124|686500|Dot. provisions pour risques et charges financiers|||VE117995|20231124|FACT CLIENT CLIENT ALPHA 977100|0,00|295,70|||20231129||
VE|Ventes|VE00050|20230908|416000|Clients douteux|||VE094746|20230908|FACT CLIENT CLIENT ALPHA 893286|216,10|0,00|||20230915||
VE|Ventes|VE00050|20230908|625600|Missions|||VE094746|20230908|FACT CLIENT CLIENT ALPHA 893286|0,00|216,10|||20230915||
VE|Ventes|VE00051|20230503|701000|Ventes de produits finis|||VE059433|20230503|FACT CLIENT CLIENT GAMMA 116981|1772,36|0,00|||20230506||
VE|Ventes|VE00051|20230503|681740|Dot. provisions sur creances|||VE059433|20230503|FACT CLIENT CLIENT GAMMA 116981|0,00|1772,36|||20230506||
VE|Ventes|VE00052|20230428|708500|Ports et frais accessoires factures|||VE042489|20230428|FACT CLIENT CLIENT DELTA 547118|1632,70|0,00|||20230504||
VE|Ventes|VE00052|20230428|427000|Personnel - Oppositions|||VE042489|20230428|FACT CLIENT CLIENT DELTA 547118|0,00|1632,70|||20230504||
VE|Ventes|VE00053|20230722|413000|Clients - Effets a recevoir|||VE076396|20230718|FACT CLIENT CLIENT ALPHA 266489|883,48|0,00|||20230723||
VE|Ventes|VE00053|20230718|512000|Banque principale|||VE076396|20230718|FACT CLIENT CLIENT ALPHA 266489|0,00|883,48|||20230723||
VE|Ventes|VE00054|20230120|707000|Ventes de marchandises|||VE018398|20230120|FACT CLIENT CLIENT GAMMA 152953|1183,15|0,00|||20230123||
VE|Ventes|VE00054|20230120|628100|Concours divers (cotisations...)|||VE018398|20230120|FACT CLIENT CLIENT GAMMA 152953|0,00|1183,15|||20230123||
VE|Ventes|VE00055|20230201|413000|Clients - Effets a recevoir|||VE028933|20230201|FACT CLIENT CLIENT DELTA 52566|583,97|0,00|||20230204||
VE|Ventes|VE00055|20230201|623000|Publicite, publications, relations publiques|||VE028933|20230201|FACT CLIENT CLIENT DELTA 52566|0,00|583,97|||20230204||
VE|Ventes|VE00056|20230818|709000|Rabais, remises et ristournes accordes|||VE081868|20230818|FACT CLIENT CLIENT EPSILON 856603|725,99|0,00|||20230820||
VE|Ventes|VE00056|20230818|713000|Variation des stocks|||VE081868|20230818|FACT CLIENT CLIENT EPSILON 856603|0,00|725,99|||20230820||
VE|Ventes|VE00057|20230818|701000|Ventes de produits finis|||VE084114|20230818|FACT CLIENT CLIENT EPSILON 284305|437,56|0,00|||20230819||
VE|Ventes|VE00057|20230818|602260|Achats d'emballages|||VE084114|20230818|FACT CLIENT CLIENT EPSILON 284305|0,00|437,56|||20230819||
VE|Ventes|VE00058|20230928|707000|Ventes de marchandises|||VE096793|20230928|FACT CLIENT CLIENT GAMMA 922161|494,12|0,00|||20231004||
VE|Ventes|VE00058|20230928|438200|Charges sociales sur conges a payer|||VE096793|20230928|FACT CLIENT CLIENT GAMMA 922161|0,00|494,12|||20231004||
VE|Ventes|VE00059|20230518|411000|Clients|C00004|CLIENT DELTA|VE055731|20230518|FACT CLIENT CLIENT DELTA 947531|9474,45|0,00|||20230520||
VE|Ventes|VE00059|20230518|321000|Matieres consommables|||VE055731|20230518|FACT CLIENT CLIENT DELTA 947531|0,00|9474,45|||20230520||
VE|Ventes|VE00060|20230727|706000|Prestations de services|||VE076469|20230727|FACT CLIENT CLIENT BETA 68654|497,80|0,00|||20230731||
VE|Ventes|VE00060|20230727|164000|Emprunts aupres des etablissements de credit|||VE076469|20230727|FACT CLIENT CLIENT BETA 68654|0,00|497,80|||20230731||
VE|Ventes|VE00061|20230809|701000|Ventes de produits finis|||VE086568|20230809|FACT CLIENT CLIENT ALPHA 695898|659,79|0,00|||20230814||
VE|Ventes|VE00061|20230809|164000|Emprunts aupres des etablissements de credit|||VE086568|20230809|FACT CLIENT CLIENT ALPHA 695898|0,00|659,79|||20230814||
VE|Ventes|VE00062|20231229|411000|Clients|C00008|CLIENT THETA|VE124939|20231229|FACT CLIENT CLIENT DELTA 595411|4999,50|0,00|||20231231||
VE|Ventes|VE00062|20231229|666000|Pertes de change|||VE124939|20231229|FACT CLIENT CLIENT DELTA 595411|0,00|4999,50|||20231231||
VE|Ventes|VE00063|20230206|413000|Clients - Effets a recevoir|||VE026993|20230206|FACT CLIENT CLIENT DELTA 557734|388,01|0,00|||20230208||
VE|Ventes|VE00063|20230206|797000|Transferts de charges exceptionnelles|||VE026993|20230206|FACT CLIENT CLIENT DELTA 557734|0,00|388,01|||20230208||
VE|Ventes|VE00064|20231116|411000|Clients|C00006|CLIENT ZETA|AC085222|20231116|FACT CLIENT CLIENT BETA 859505|5347,85|0,00|X2|20231208|20231117||
VE|Ventes|VE00064|20231116|445660|TVA deductible sur ABS|||VE111795|20231116|FACT CLIENT CLIENT BETA 859505|0,00|5347,85|||20231117||
VE|Ventes|VE00065|20230105|701000|Ventes de produits finis|||VE017773|20230105|FACT CLIENT CLIENT BETA 589869|1919,68|0,00|||20230105||
VE|Ventes|VE00065|20230105|614000|Charges locatives|||VE017773|20230105|FACT CLIENT CLIENT BETA 589869|0,00|1919,68|||20230105||
VE|Ventes|VE00066|20230222|413000|Clients - Effets a recevoir|||VE021850|20230222|FACT CLIENT CLIENT EPSILON 581033|745,89|0,00|||20230224||
VE|Ventes|VE00066|20230222|371000|Stock de marchandises|||VE021850|20230222|FACT CLIENT CLIENT EPSILON 581033|0,00|745,89|||20230224||
VE|Ventes|VE00067|20230726|707000|Ventes de marchandises|||VE074183|20230726|FACT CLIENT CLIENT DELTA 991356|794,00|0,00|||20230729||
VE|Ventes|VE00067|20230726|615600|Maintenance|||VE074183|20230726|FACT CLIENT CLIENT DELTA 991356|0,00|794,00|||20230729||
VE|Ventes|VE00068|20231215|707000|Ventes de marchandises|||VE122393|20231215|FACT CLIENT CLIENT DELTA 450935|507,46|0,00|||20231217||
VE|Ventes|VE00068|20231215|633000|Impots, taxes et versements assimiles sur remunerations (autres organismes)|||VE122393|20231215|FACT CLIENT CLIENT DELTA 450935|0,00|507,46|||20231217||
VE|Ventes|VE00069|20230704|706000|Prestations de services|||VE071142|20230704|FACT CLIENT CLIENT BETA 854339|184,89|0,00|||20230711||
VE|Ventes|VE00069|20230704|201000|Frais d'etablissement|||VE071142|20230704|FACT CLIENT CLIENT BETA 854339|0,00|184,89|||20230711||
VE|Ventes|VE00070|20230202|416000|Clients douteux|||VE027992|20230202|FACT CLIENT CLIENT EPSILON 318764|676,75|0,00|||20230204||
VE|Ventes|VE00070|20230202|763000|Revenus des autres creances|||VE027992|20230202|FACT CLIENT CLIENT EPSILON 318764|0,00|676,75|||20230204||
VE|Ventes|VE00071|20230605|419100|Clients - Avances et acomptes recus|||VE066923|20230605|FACT CLIENT CLIENT ALPHA 801367|991,00|0,00|||20230611||
VE|Ventes|VE00071|20230605|606400|Fournitures administratives|||VE066923|20230605|FACT CLIENT CLIENT ALPHA 801367|0,00|991,00|||20230611||
VE|Ventes|VE00072|20230323|416000|Clients douteux|||VE037030|20230323|FACT CLIENT CLIENT BETA 520415|558,03|0,00|||20230324||
VE|Ventes|VE00072|20230323|445660|TVA deductible sur ABS|||VE037030|20230323|FACT CLIENT CLIENT BETA 520415|0,00|558,03|||20230324||
VE|Ventes|VE00073|20230629|708500|Ports et frais accessoires factures|||VE063611|20230629|FACT CLIENT CLIENT ALPHA 620435|982,43|0,00|||20230701||
VE|Ventes|VE00073|20230629|445710|TVA collectee a payer|||VE063611|20230629|FACT CLIENT CLIENT ALPHA 620435|0,00|982,43|||20230701||
VE|Ventes|VE00074|20230911|419100|Clients - Avances et acomptes recus|||VE092190|20230911|FACT CLIENT CLIENT DELTA 556229|876,38|0,00|||20230915||
VE|Ventes|VE00074|20230911|797000|Transferts de charges exceptionnelles|||VE092190|20230911|FACT CLIENT CLIENT DELTA 556229|0,00|876,38|||20230915||
VE|Ventes|VE00075|20230601|413000|Clients - Effets a recevoir|||VE068188|20230601|FACT CLIENT CLIENT BETA 323538|863,00|0,00|||20230604||
VE|Ventes|VE00075|20230601|321000|Matieres consommables|||VE068188|20230601|FACT CLIENT CLIENT BETA 323538|0,00|863,00|||20230604||
VE|Ventes|VE00076|20230918|413000|Clients - Effets a recevoir|||VE098611|20230918|FACT CLIENT CLIENT DELTA 88800|813,46|0,00|||20230925||
VE|Ventes|VE00076|20230918|438200|Charges sociales sur conges a payer|||VE098611|20230918|FACT CLIENT CLIENT DELTA 88800|0,00|813,46|||20230925||
VE|Ventes|VE00077|20231124|411000|Clients|C00004|CLIENT DELTA|VE116397|20231124|FACT CLIENT CLIENT EPSILON 517766|5859,00|0,00|||20231129||
VE|Ventes|VE00077|20231124|409100|Fournisseurs - Avances et acomptes verses|||VE116397|20231124|FACT CLIENT CLIENT EPSILON 517766|0,00|5859,00|||20231129||
VE|Ventes|VE00078|20231130|416000|Clients douteux|||VE119029|20231130|FACT CLIENT CLIENT EPSILON 437409|615,75|0,00|||20231205||
VE|Ventes|VE00078|20231130|691000|Participation des salaries aux resultats|||VE119029|20231130|FACT CLIENT CLIENT EPSILON 437409|0,00|615,75|||20231205||
VE|Ventes|VE00079|20230303|419100|Clients - Avances et acomptes recus|||VE038611|20230303|FACT CLIENT CLIENT ALPHA 999663|134,61|0,00|||20230308||
VE|Ventes|VE00079|20230303|512000|Banque principale|||VE038611|20230303|FACT CLIENT CLIENT ALPHA 999663|0,00|134,61|||20230308||
VE|Ventes|VE00080|20231013|413000|Clients - Effets a recevoir|||VE103996|20231013|FACT CLIENT CLIENT EPSILON 482396|175,75|0,00|||20231019||
VE|Ventes|VE00080|20231013|218100|Installations generales, agencements divers|||VE103996|20231013|FACT CLIENT CLIENT EPSILON 482396|0,00|175,75|||20231019||
VE|Ventes|VE00081|20230223|413000|Clients - Effets a recevoir|||VE024826|20230223|FACT CLIENT CLIENT EPSILON 749752|18,84|0,00|||20230301||
VE|Ventes|VE00081|20230223|486000|Charges constatees d'avance|||VE024826|20230223|FACT CLIENT CLIENT EPSILON 749752|0,00|18,84|||20230301||
VE|Ventes|VE00082|20230721|416000|Clients douteux|||VE079715|20230721|FACT CLIENT CLIENT EPSILON 698409|821,61|0,00|||20230725||
VE|Ventes|VE00082|20230721|707000|Ventes de marchandises|||VE079715|20230721|FACT CLIENT CLIENT EPSILON 698409|0,00|821,61|||20230725||
VE|Ventes|VE00083|20230113|411000|Clients|C00004|CLIENT DELTA|VE014018|20230113|FACT CLIENT CLIENT BETA 250873|3791,92|0,00|||20230119||
VE|Ventes|VE00083|20230113|451000|Groupe|||VE014018|20230113|FACT CLIENT CLIENT BETA 250873|0,00|3791,92|||20230119||
VE|Ventes|VE00084|20231031|416000|Clients douteux|||VE104703|20231031|FACT CLIENT CLIENT BETA 589633|208,07|0,00|||20231106||
VE|Ventes|VE00084|20231031|681500|Dot. provisions pour risques et charges d'exploitation|||VE104703|20231031|FACT CLIENT CLIENT BETA 589633|0,00|208,07|||20231106||
VE|Ventes|VE00085|20230807|416000|Clients douteux|||VE086153|20230807|FACT CLIENT CLIENT ALPHA 340915|34,37|0,00|||20230810||
VE|Ventes|VE00085|20230807|213500|Installations generales, agencements|||VE086153|20230807|FACT CLIENT CLIENT ALPHA 340915|0,00|34,37|||20230810||
VE|Ventes|VE00086|20230831|709000|Rabais, remises et ristournes accordes|||VE081292|20230831|FACT CLIENT CLIENT DELTA 312770|1190,69|0,00|||20230903||
VE|Ventes|VE00086|20230831|441000|Etat - Impot sur les benefices|||VE081292|20230831|FACT CLIENT CLIENT DELTA 312770|0,00|1190,69|||20230903||
VE|Ventes|VE00087|20230822|416000|Clients douteux|||VE081429|20230822|FACT CLIENT CLIENT BETA 260430|813,34|0,00|||20230823||
VE|Ventes|VE00087|20230822|698000|Integration fiscale - Charges|||VE081429|20230822|FACT CLIENT CLIENT BETA 260430|0,00|813,34|||20230823||
VE|Ventes|VE00088|20230210|411000|Clients|C00004|CLIENT DELTA|VE022724|20230210|FACT CLIENT CLIENT BETA 30518|1795,45|0,00|||20230211||
VE|Ventes|VE00088|20230210|635000|Autres impots, taxes et versements assimiles|||VE022724|20230210|FACT CLIENT CLIENT BETA 30518|0,00|1795,45|||20230211||
VE|Ventes|VE00089|20230510|706000|Prestations de services|||VE054828|20230510|FACT CLIENT CLIENT EPSILON 456912|1494,37|0,00|||20230515||
VE|Ventes|VE00089|20230510|761000|Produits de participations|||VE054828|20230510|FACT CLIENT CLIENT EPSILON 456912|0,00|1494,37|||20230515||
VE|Ventes|VE00090|20230720|411000|Clients|C00009|CLIENT IOTA|VE078939|20230720|FACT CLIENT CLIENT GAMMA 415473|1306,75|0,00|M8|20231206|20230724||
VE|Ventes|VE00090|20230722|767000|Produits nets sur cessions de valeurs mobilieres de placement|||VE078939|20230720|FACT CLIENT CLIENT GAMMA 415473|0,00|1306,75|||20230724||
VE|Ventes|VE00091|20231113|419100|Clients - Avances et acomptes recus|||VE119949|20231113|FACT CLIENT CLIENT GAMMA 714460|497,00|0,00|||20231120||
VE|Ventes|VE00091|20231113|101000|Capital social|||VE119949|20231113|FACT CLIENT CLIENT GAMMA 714460|0,00|497,00|||20231120||
VE|Ventes|VE00092|20230515|708500|Ports et frais accessoires factures|||VE055878|20230515|FACT CLIENT CLIENT DELTA 731459|858,26|0,00|||20230515||
VE|Ventes|VE00092|20230515|211000|Terrains|||VE055878|20230515|FACT CLIENT CLIENT DELTA 731459|0,00|858,26|||20230515||
VE|Ventes|VE00093|20230623|411000|Clients|C00010|CLIENT KAPPA|VE063435|20230623|FACT CLIENT CLIENT ALPHA 774469|999,27|0,00|||20230625||
VE|Ventes|VE00093|20230623|451000|Groupe|||VE063435|20230623|FACT CLIENT CLIENT ALPHA 774469|0,00|999,27|||20230625||
VE|Ventes|VE00094|20230421|418100|Clients - Factures a etablir|||VE046863|20230421|FACT CLIENT CLIENT BETA 341028|308,17|0,00|||20230426||
VE|Ventes|VE00094|20230421|416000|Clients douteux|||VE046863|20230421|FACT CLIENT CLIENT BETA 341028|0,00|308,17|||20230426||
VE|Ventes|VE00095|20230301|701000|Ventes de produits finis|||VE038579|20230301|FACT CLIENT CLIENT DELTA 204998|209,11|0,00|||20230303||
VE|Ventes|VE00095|20230301|418100|Clients - Factures a etablir|||VE038579|20230301|FACT CLIENT CLIENT DELTA 204998|0,00|209,11|||20230303||
VE|Ventes|VE00096|20230901|418100|Clients - Factures a etablir|||VE096454|20230901|FACT CLIENT CLIENT GAMMA 841516|932,61|0,00|||20230907||
VE|Ventes|VE00096|20230901|798000|Integration fiscale - Produits|||VE096454|20230901|FACT CLIENT CLIENT GAMMA 841516|0,00|932,61|||20230907||
VE|Ventes|VE00097|20230526|706000|Prestations de services|||VE058215|20230526|FACT CLIENT CLIENT BETA 552055|1483,92|0,00|||20230529||
VE|Ventes|VE00097|20230526|611000|Sous-traitance generale|||VE058215|20230526|FACT CLIENT CLIENT BETA 552055|0,00|1483,92|||20230529||
VE|Ventes|VE00098|20230915|418100|Clients - Factures a etablir|||VE098275|20230915|FACT CLIENT CLIENT ALPHA 415907|953,96|0,00|||20230917||
VE|Ventes|VE00098|20230915|612000|Redevances de credit-bail|||VE098275|20230915|FACT CLIENT CLIENT ALPHA 415907|0,00|953,96|||20230917||
VE|Ventes|VE00099|20230519|419100|Clients - Avances et acomptes recus|||VE055457|20230519|FACT CLIENT CLIENT DELTA 496633|839,75|0,00|||20230520||
VE|Ventes|VE00099|20230519|205000|Logiciels|||VE055457|20230519|FACT CLIENT CLIENT DELTA 496633|0,00|839,75|||20230520||
VE|Ventes|VE00100|20231206|411000|Clients|C00010|CLIENT KAPPA|VE129930|20231206|FACT CLIENT CLIENT DELTA 130103|2138,40|0,00|||20231209||
VE|Ventes|VE00100|20231206|517000|Autres organismes financiers|||VE129930|20231206|FACT CLIENT CLIENT DELTA 130103|0,00|2138,40|||20231209||
VE|Ventes|VE00101|20230207|411000|Clients|C00001|CLIENT ALPHA|VE027553|20230207|FACT CLIENT CLIENT EPSILON 284276|9590,28|0,00|||20230213||
VE|Ventes|VE00101|20230207|713000|Variation des stocks|||VE027553|20230207|FACT CLIENT CLIENT EPSILON 284276|0,00|9590,28|||20230213||
VE|Ventes|VE00102|20230306|708500|Ports et frais accessoires factures|||VE031884|20230306|FACT CLIENT CLIENT ALPHA 163499|1241,94|0,00|||20230309||
VE|Ventes|VE00102|20230306|218400|Mobilier|||VE031884|20230306|FACT CLIENT CLIENT ALPHA 163499|0,00|1241,94|||20230309||
VE|Ventes|VE00103|20230731|413000|Clients - Effets a recevoir|||VE077221|20230731|FACT CLIENT CLIENT GAMMA 879193|37,34|0,00|||20230801||
VE|Ventes|VE00103|20230731|631000|Impots, taxes et versements assimiles sur remunerations|||VE077221|20230731|FACT CLIENT CLIENT GAMMA 879193|0,00|37,34|||20230801||
VE|Ventes|VE00104|20230313|418100|Clients - Factures a etablir|||VE032405|20230313|FACT CLIENT CLIENT EPSILON 422698|964,28|0,00|||20230313||
VE|Ventes|VE00104|20230313|447100|Autres impots, taxes et versements assimiles|||VE032405|20230313|FACT CLIENT CLIENT EPSILON 422698|0,00|964,28|||20230313||
VE|Ventes|VE00105|20230919|411000|Clients|C00005|CLIENT EPSILON|VE094967|20230919|FACT CLIENT CLIENT GAMMA 512832|6603,53|0,00|M5|20231211|20230923||
VE|Ventes|VE00105|20230919|707000|Ventes de marchandises|||VE094967|20230919|FACT CLIENT CLIENT GAMMA 512832|0,00|6603,53|||20230923||
VE|Ventes|VE00106|20230317|701000|Ventes de produits finis|||VE037951|20230317|FACT CLIENT CLIENT GAMMA 748783|1618,20|0,00|||20230318||
VE|Ventes|VE00106|20230317|614000|Charges locatives|||VE037951|20230317|FACT CLIENT CLIENT GAMMA 748783|0,00|1618,20|||20230318||
VE|Ventes|VE00107|20230829|413000|Clients - Effets a recevoir|||VE084421|20230829|FACT CLIENT CLIENT GAMMA 563379|334,54|0,00|||20230903||
VE|Ventes|VE00107|20230829|615200|Entretien et reparations sur biens immobiliers|||VE084421|20230829|FACT CLIENT CLIENT GAMMA 563379|0,00|334,54|||20230903||
VE|Ventes|VE00108|20230120|411000|Clients|C00010|CLIENT KAPPA|VE014288|20230120|FACT CLIENT CLIENT GAMMA 772682|4945,61|0,00|D5|20231205|20230121||
VE|Ventes|VE00108|20230120|218400|Mobilier|||VE014288|20230120|FACT CLIENT CLIENT GAMMA 772682|0,00|4945,61|||20230121||
VE|Ventes|VE00109|20230503|416000|Clients douteux|||VE057569|20230503|FACT CLIENT CLIENT GAMMA 399765|436,99|0,00|||20230504||
VE|Ventes|VE00109|20230503|445860|TVA sur factures non parvenues|||VE057569|20230503|FACT CLIENT CLIENT GAMMA 399765|0,00|436,99|||20230504||
VE|Ventes|VE00110|20230327|413000|Clients - Effets a recevoir|||VE033956|20230327|FACT CLIENT CLIENT EPSILON 163223|155,65|0,00|||20230328||
VE|Ventes|VE00110|20230327|626000|Frais postaux et de telecommunications|||VE033956|20230327|FACT CLIENT CLIENT EPSILON 163223|0,00|155,65|||20230328||
VE|Ventes|VE00111|20231114|413000|Clients - Effets a recevoir|||VE115162|20231114|FACT CLIENT CLIENT DELTA 770519|480,38|0,00|||20231116||
VE|Ventes|VE00111|20231114|445860|TVA sur factures non parvenues|||VE115162|20231114|FACT CLIENT CLIENT DELTA 770519|0,00|480,38|||20231116||
VE|Ventes|VE00112|20230504|709000|Rabais, remises et ristournes accordes|||VE051761|20230504|FACT CLIENT CLIENT BETA 861433|1973,05|0,00|||20230504||
VE|Ventes|VE00112|20230504|106800|Autres reserves|||VE051761|20230504|FACT CLIENT CLIENT BETA 861433|0,00|1973,05|||20230504||
VE|Ventes|VE00113|20230328|709000|Rabais, remises et ristournes accordes|||VE038996|20230328|FACT CLIENT CLIENT GAMMA 451211|292,69|0,00|||20230328||
VE|Ventes|VE00113|20230328|201000|Frais d'etablissement|||VE038996|20230328|FACT CLIENT CLIENT GAMMA 451211|0,00|292,69|||20230328||
VE|Ventes|VE00114|20221230|416000|Clients douteux|||VE126407|20221230|FACT CLIENT CLIENT BETA 152143|92,54|0,00|||20221230||
VE|Ventes|VE00114|20221230|218200|Materiel de transport|||VE126407|20221230|FACT CLIENT CLIENT BETA 152143|0,00|92,54|||20221230||
VE|Ventes|VE00115|20230323|416000|Clients douteux|||VE033243|20230323|FACT CLIENT CLIENT DELTA 94820|977,10|0,00|||20230326||
VE|Ventes|VE00115|20230323|762000|Produits des autres immobilisations financieres|||VE033243|20230323|FACT CLIENT CLIENT DELTA 94820|0,00|977,10|||20230326||
VE|Ventes|VE00116|20230908|416000|Clients douteux|||VE093300|20230908|FACT CLIENT CLIENT DELTA 694215|955,28|0,00|||20230910||
VE|Ventes|VE00116|20230908|397100|Depreciation des stocks de marchandises|||VE093300|20230908|FACT CLIENT CLIENT DELTA 694215|0,00|955,28|||20230910||
VE|Ventes|VE00117|20231017|706000|Prestations de services|||VE101429|20231017|FACT CLIENT CLIENT ALPHA 99485|61,60|0,00|||20231020||
VE|Ventes|VE00117|20231017|654000|Pertes sur creances irrecouvrables|||VE101429|20231017|FACT CLIENT CLIENT ALPHA 99485|0,00|61,60|||20231020||
VE|Ventes|VE00118|20230616|418100|Clients - Factures a etablir|||VE063906|20230616|FACT CLIENT CLIENT BETA 25722|994,31|0,00|||20230620||
VE|Ventes|VE00118|20230616|281840|Amort. mobilier|||VE063906|20230616|FACT CLIENT CLIENT BETA 25722|0,00|994,31|||20230620||
VE|Ventes|VE00119|20230310|419100|Clients - Avances et acomptes recus|||VE037359|20230310|FACT CLIENT CLIENT ALPHA 701085|64,16|0,00|||20230317||
VE|Ventes|VE00119|20230310|613500|Locations mobilieres|||VE037359|20230310|FACT CLIENT CLIENT ALPHA 701085|0,00|64,16|||20230317||
VE|Ventes|VE00120|20230310|708500|Ports et frais accessoires factures|||VE035170|20230310|FACT CLIENT CLIENT ALPHA 495117|1284,19|0,00|||20230315||
VE|Ventes|VE00120|20230310|517000|Autres organismes financiers|||VE035170|20230310|FACT CLIENT CLIENT ALPHA 495117|0,00|1284,19|||20230315||
VE|Ventes|VE00121|20230428|413000|Clients - Effets a recevoir|||VE043411|20230428|FACT CLIENT CLIENT DELTA 193096|628,00|0,00|||20230504||
VE|Ventes|VE00121|20230428|616000|Primes d'assurance|||VE043411|20230428|FACT CLIENT CLIENT DELTA 193096|0,00|628,00|||20230504||
VE|Ventes|VE00122|20230511|413000|Clients - Effets a recevoir|||VE051577|20230511|FACT CLIENT CLIENT EPSILON 888577|307,19|0,00|||20230512||
VE|Ventes|VE00122|20230511|681740|Dot. provisions sur creances|||VE051577|20230511|FACT CLIENT CLIENT EPSILON 888577|0,00|307,19|||20230512||
VE|Ventes|VE00123|20230505|706000|Prestations de services|||VE053893|20230505|FACT CLIENT CLIENT GAMMA 408771|227,04|0,00|||20230509||
VE|Ventes|VE00123|20230505|606300|Fournitures d'entretien et petit equipement|||VE053893|20230505|FACT CLIENT CLIENT GAMMA 408771|0,00|227,04|||20230509||
VE|Ventes|VE00124|20231206|416000|Clients douteux|||VE122647|20231206|FACT CLIENT CLIENT DELTA 821907|788,64|0,00|||20231209||
VE|Ventes|VE00124|20231206|681110|Dot. amort. sur immo. incorporelles|||VE122647|20231206|FACT CLIENT CLIENT DELTA 821907|0,00|788,64|||20231209||
VE|Ventes|VE00125|20230414|418100|Clients - Factures a etablir|||VE048927|20230414|FACT CLIENT CLIENT ALPHA 985464|982,87|0,00|||20230414||
VE|Ventes|VE00125|20230414|517000|Autres organismes financiers|||VE048927|20230414|FACT CLIENT CLIENT ALPHA 985464|0,00|982,87|||20230414||
VE|Ventes|VE00126|20230814|707000|Ventes de marchandises|||VE082968|20230814|FACT CLIENT CLIENT DELTA 160318|154,37|0,00|||20230818||
VE|Ventes|VE00126|20230814|467000|Autres comptes debiteurs ou crediteurs|||VE082968|20230814|FACT CLIENT CLIENT DELTA 160318|0,00|154,37|||20230818||
VE|Ventes|VE00127|20230221|411000|Clients|C00009|CLIENT IOTA|VE028399|20230221|FACT CLIENT CLIENT BETA 438262|7724,26|0,00|||20230223||
VE|Ventes|VE00127|20230221|648000|Autres charges de personnel|||VE028399|20230221|FACT CLIENT CLIENT BETA 438262|0,00|7724,26|||20230223||
VE|Ventes|VE00128|20230922|706000|Prestations de services|||VE099498|20230922|FACT CLIENT CLIENT DELTA 689925|1546,36|0,00|||20230929||
VE|Ventes|VE00128|20230922|411000|Clients|C00006|CLIENT ZETA|VE099498|20230922|FACT CLIENT CLIENT DELTA 689925|0,00|1546,36|||20230929||
VE|Ventes|VE00129|20231222|706000|Prestations de services|||VE125033|20231222|FACT CLIENT CLIENT DELTA 675446|62,28|0,00|||20231224||
VE|Ventes|VE00129|20231222|615500|Entretien et reparations sur biens mobiliers|||VE125033|20231222|FACT CLIENT CLIENT DELTA 675446|0,00|62,28|||20231224||
VE|Ventes|VE00130|20230421|706000|Prestations de services|||VE047820|20230421|FACT CLIENT CLIENT ALPHA 144273|544,87|0,00|||20230426||
VE|Ventes|VE00130|20230421|425000|Personnel - Avances et acomptes|||VE047820|20230421|FACT CLIENT CLIENT ALPHA 144273|0,00|544,87|||20230426||
VE|Ventes|VE00131|20230331|701000|Ventes de produits finis|||VE039537|20230331|FACT CLIENT CLIENT EPSILON 967272|853,12|0,00|||20230404||
VE|Ventes|VE00131|20230331|766000|Gains de change|||VE039537|20230331|FACT CLIENT CLIENT EPSILON 967272|0,00|853,12|||20230404||
VE|Ventes|VE00132|20231130|411000|Clients|C00004|CLIENT DELTA|VE117054|20231130|FACT CLIENT CLIENT DELTA 505221|3124,21|0,00|||20231207||
VE|Ventes|VE00132|20231130|686500|Dot. provisions pour risques et charges financiers|||VE117054|20231130|FACT CLIENT CLIENT DELTA 505221|0,00|3124,21|||20231207||
VE|Ventes|VE00133|20230420|708500|Ports et frais accessoires factures|||VE044376|20230420|FACT CLIENT CLIENT GAMMA 676856|883,46|0,00|||20230425||
VE|Ventes|VE00133|20230420|641000|Remunerations du personnel|||VE044376|20230420|FACT CLIENT CLIENT GAMMA 676856|0,00|883,46|||20230425||
VE|Ventes|VE00134|20231229|701000|Ventes de produits finis|||VE124082|20231229|FACT CLIENT CLIENT EPSILON 9190|955,65|0,00|||20231231||
VE|Ventes|VE00134|20231229|686500|Dot. provisions pour risques et charges financiers|||VE124082|20231229|FACT CLIENT CLIENT EPSILON 9190|0,00|955,65|||20231231||
VE|Ventes|VE00135|20230829|419100|Clients - Avances et acomptes recus|||VE083052|20230829|FACT CLIENT CLIENT GAMMA 335226|667,63|0,00|||20230904||
VE|Ventes|VE00135|20230829|611000|Sous-traitance generale|||VE083052|20230829|FACT CLIENT CLIENT GAMMA 335226|0,00|667,63|||20230904||
VE|Ventes|VE00136|20230303|411000|Clients|C00003|CLIENT GAMMA|VE034739|20230303|FACT CLIENT CLIENT BETA 630199|1926,81|0,00|||20230303||
VE|Ventes|VE00136|20230303|623400|Cadeaux a la clientele|||VE034739|20230303|FACT CLIENT CLIENT BETA 630199|0,00|1926,81|||20230303||
