JournalCode|JournalLib|EcritureNum|EcritureDate|CompteNum|CompteLib|CompAuxNum|CompAuxLib|PieceRef|PieceDate|EcritureLib|Debit|Credit|EcritureLet|DateLet|ValidDate|Montantdevise|Idevise
VE|Ventes|VE00001|20250725|708500|Ports et frais accessoires factures|||VE075483|20250725|FACT CLIENT CLIENT DELTA 276369|1266,62|0,00|||20250730||
VE|Ventes|VE00001|20250725|514000|Cheques postaux|||VE075483|20250725|FACT CLIENT CLIENT DELTA 276369|0,00|1266,62|||20250730||
