JournalCode|JournalLib|EcritureNum|EcritureDate|CompteNum|CompteLib|CompAuxNum|CompAuxLib|PieceRef|PieceDate|EcritureLib|Debit|Credit|EcritureLet|DateLet|ValidDate|Montantdevise|Idevise
AC|Achats|AC00001|20250121|625100|Voyages et deplacements|||AC019568|20250121|FACT 250221 TELECOM SAS|90,21|0,00|||20250123||
AC|Achats|AC00001|20250121|445520|TVA due intracommunautaire|||AC019568|20250121|FACT 250221 TELECOM SAS|0,00|90,21|||20250123||
AC|Achats|AC00002|20251215|615500|Entretien et reparations sur biens mobiliers|||AC125518|20251215|FACT 250108 FOURNITURES BUREAU|1990,54|0,00|||20251222||
AC|Achats|AC00002|20251215|512000|Banque principale|||AC125518|20251215|FACT 250108 FOURNITURES BUREAU|0,00|1990,54|||20251222||
AC|Achats|AC00003|20250520|602200|Achats de fournitures consommables|||AC057949|20250520|FACT 250207 ELECTRICITE DE FRANCE|874,22|0,00|||20250521||
AC|Achats|AC00003|20250520|401000|Fournisseurs|F00006|MAINTENANCE PRO|AC057949|20250520|FACT 250207 ELECTRICITE DE FRANCE|0,00|874,22|U2|20251230|20250521||
AC|Achats|AC00004|20251010|602100|Achats de matieres consommables|||AC105282|20251010|FACT 250114 FOURNITURES BUREAU|1004,65|0,00|||20251017||
AC|Achats|AC00004|20251010|455000|Associes - Comptes courants|||AC105282|20251010|FACT 250114 FOURNITURES BUREAU|0,00|1004,65|||20251017||
AC|Achats|AC00005|20250531|615200|Entretien et reparations sur biens immobiliers|||AC053224|20250530|FACT 250223 PAPETERIE EXPRESS|429,92|0,00|||20250602||
AC|Achats|AC00005|20250530|445510|TVA a decaisser|||AC053224|20250530|FACT 250223 PAPETERIE EXPRESS|0,00|429,92|||20250602||
AC|Achats|AC00006|20250403|601000|Achats de matieres premieres|||AC048646|20250403|FACT 250112 ELECTRICITE DE FRANCE|532,77|0,00|||20250405||
AC|Achats|AC00006|20250403|468600|Charges a payer|||AC048646|20250403|FACT 250112 ELECTRICITE DE FRANCE|0,00|532,77|||20250405||
AC|Achats|AC00007|20250411|622600|Honoraires|||AC042388|20250411|FACT 250102 DALKIA FRANCE|1973,14|0,00|||20250417||
AC|Achats|AC00007|20250411|471000|Compte d'attente|||AC042388|20250411|FACT 250102 DALKIA FRANCE|0,00|1973,14|||20250417||
AC|Achats|AC00008|20251222|623100|Annonces et insertions|||AC124274|20251222|FACT 250115 PAPETERIE EXPRESS|532,17|0,00|||20251225||
AC|Achats|AC00008|20251222|404000|Fournisseurs d'immobilisations|||AC124274|20251222|FACT 250115 PAPETERIE EXPRESS|0,00|532,17|||20251225||
AC|Achats|AC00009|20250106|625600|Missions|||AC013079|20250106|FACT 250226 FOURNITURES BUREAU|1147,60|0,00|||20250112||
AC|Achats|AC00009|20250106|471000|Compte d'attente|||AC013079|20250106|FACT 250226 FOURNITURES BUREAU|0,00|1147,60|||20250112||
AC|Achats|AC00010|20250403|602200|Achats de fournitures consommables|||AC047881|20250403|FACT 250209 TELECOM SAS|886,72|0,00|||20250406||
AC|Achats|AC00010|20250403|431000|Securite sociale|||AC047881|20250403|FACT 250209 TELECOM SAS|0,00|886,72|||20250406||
AC|Achats|AC00011|20250922|627000|Services bancaires et assimiles|||AC097895|20250922|FACT 250210 FOURNITURES BUREAU|1244,32|0,00|||20250923||
AC|Achats|AC00011|20250922|491000|Depreciation des comptes clients|||AC097895|20250922|FACT 250210 FOURNITURES BUREAU|0,00|1244,32|||20250923||
AC|Achats|AC00012|20251003|615200|Entretien et reparations sur biens immobiliers|||AC106551|20251003|FACT 250216 TELECOM SAS|249,35|0,00|||20251006||
AC|Achats|AC00012|20251004|486000|Charges constatees d'avance|||AC106551|20251003|FACT 250216 TELECOM SAS|0,00|249,35|||20251006||
AC|Achats|AC00013|20250131|623100|Annonces et insertions|||AC013009|20250131|FACT 250119 PAPETERIE EXPRESS|448,71|0,00|||20250204||
AC|Achats|AC00013|20250131|445870|TVA sur factures a etablir|||AC013009|20250131|FACT 250119 PAPETERIE EXPRESS|0,00|448,71|||20250204||
AC|Achats|AC00014|20250331|623400|Cadeaux a la clientele|||AC037813|20250331|FACT 250225 TELECOM SAS|1270,85|0,00|||20250404||
AC|Achats|AC00014|20250331|508000|Interets courus sur VMP|||AC037813|20250331|FACT 250225 TELECOM SAS|0,00|1270,85|||20250404||
AC|Achats|AC00015|20250411|623100|Annonces et insertions|||AC048026|20250411|FACT 250119 ELECTRICITE DE FRANCE|1496,64|0,00|||20250417||
AC|Achats|AC00015|20250411|445520|TVA due intracommunautaire|||AC048026|20250411|FACT 250119 ELECTRICITE DE FRANCE|0,00|1496,64|||20250417||
AC|Achats|AC00016|20251128|614000|Charges locatives|||AC112736|20251128|FACT 250201 PAPETERIE EXPRESS|1237,34|0,00|||20251205||
AC|Achats|AC00016|20251128|451000|Groupe|||AC112736|20251128|FACT 250201 PAPETERIE EXPRESS|0,00|1237,34|||20251205||
AC|Achats|AC00017|20250919|606400|Fournitures administratives|||AC093328|20250919|FACT 250202 TELECOM SAS|257,49|0,00|||20250923||
AC|Achats|AC00017|20250919|409100|Fournisseurs - Avances et acomptes verses|||AC093328|20250919|FACT 250202 TELECOM SAS|0,00|257,49|||20250923||
AC|Achats|AC00018|20250908|627000|Services bancaires et assimiles|||AC095599|20250908|FACT 250224 FOURNITURES BUREAU|828,92|0,00|||20250915||
AC|Achats|AC00018|20250908|518100|Interets courus a payer|||AC095599|20250908|FACT 250224 FOURNITURES BUREAU|0,00|828,92|||20250915||
AC|Achats|AC00019|20250923|615200|Entretien et reparations sur biens immobiliers|||AC099588|20250923|FACT 250108 ELECTRICITE DE FRANCE|403,53|0,00|||20250928||
AC|Achats|AC00019|20250923|512100|Banque secondaire|||AC099588|20250923|FACT 250108 ELECTRICITE DE FRANCE|0,00|403,53|||20250928||
AC|Achats|AC00020|20250725|602260|Achats d'emballages|||AC071055|20250725|FACT 250124 FOURNITURES BUREAU|972,98|0,00|||20250729||
AC|Achats|AC00020|20250725|425000|Personnel - Avances et acomptes|||AC071055|20250725|FACT 250124 FOURNITURES BUREAU|0,00|972,98|||20250729||
AC|Achats|AC00021|20251128|622600|Honoraires|||AC116919|20251128|FACT 250107 DALKIA FRANCE|608,48|0,00|||20251130||
AC|Achats|AC00021|20251128|518700|Interets courus a recevoir|||AC116919|20251128|FACT 250107 DALKIA FRANCE|0,00|608,48|||20251130||
AC|Achats|AC00022|20251031|606400|Fournitures administratives|||AC109154|20251031|FACT 250120 ELECTRICITE DE FRANCE|1004,57|0,00|||20251101||
AC|Achats|AC00022|20251031|445860|TVA sur factures non parvenues|||AC109154|20251031|FACT 250120 ELECTRICITE DE FRANCE|0,00|1004,57|||20251101||
AC|Achats|AC00023|20250501|602260|Achats d'emballages|||AC059443|20250501|FACT 250222 FOURNITURES BUREAU|995,91|0,00|||20250503||
AC|Achats|AC00023|20250501|512000|Banque principale|||AC059443|20250501|FACT 250222 FOURNITURES BUREAU|0,00|995,91|||20250503||
AC|Achats|AC00024|20250924|607000|Achats de marchandises|||AC098324|20250924|FACT 250129 ELECTRICITE DE FRANCE|44,66|0,00|||20250927||
AC|Achats|AC00024|20250924|408100|Fournisseurs - Factures non parvenues|||AC098324|20250924|FACT 250129 ELECTRICITE DE FRANCE|0,00|44,66|||20250927||
AC|Achats|AC00025|20250701|616000|Primes d'assurance|||AC078938|20250701|FACT 250120 FOURNITURES BUREAU|172,21|0,00|||20250703||
AC|Achats|AC00025|20250701|445860|TVA sur factures non parvenues|||AC078938|20250701|FACT 250120 FOURNITURES BUREAU|0,00|172,21|||20250703||
AC|Achats|AC00026|20251210|621000|Personnel exterieur a l'entreprise|||AC125553|20251210|FACT 250119 FOURNITURES BUREAU|1458,63|0,00|||20251213||
AC|Achats|AC00026|20251210|491000|Depreciation des comptes clients|||AC125553|20251210|FACT 250119 FOURNITURES BUREAU|0,00|1458,63|||20251213||
AC|Achats|AC00027|20251216|602200|Achats de fournitures consommables|||AC127421|20251216|FACT 250103 TELECOM SAS|777,07|0,00|||20251217||
AC|Achats|AC00027|20251216|491000|Depreciation des comptes clients|||AC127421|20251216|FACT 250103 TELECOM SAS|0,00|777,07|||20251217||
AC|Achats|AC00028|20250523|606400|Fournitures administratives|||AC057720|20250523|FACT 250117 DALKIA FRANCE|1223,00|0,00|||20250529||
AC|Achats|AC00028|20250523|445520|TVA due intracommunautaire|||AC057720|20250523|FACT 250117 DALKIA FRANCE|0,00|1223,00|||20250529||
AC|Achats|AC00029|20251031|626000|Frais postaux et de telecommunications|||AC105077|20251031|FACT 250101 TELECOM SAS|1403,98|0,00|||20251031||
AC|Achats|AC00029|20251031|508000|Interets courus sur VMP|||AC105077|20251031|FACT 250101 TELECOM SAS|0,00|1403,98|||20251031||
AC|Achats|AC00030|20251007|613500|Locations mobilieres|||AC105531|20251007|FACT 250119 DALKIA FRANCE|477,91|0,00|||20251012||
AC|Achats|AC00030|20251007|590000|Depreciation des valeurs mobilieres de placement|||AC105531|20251007|FACT 250119 DALKIA FRANCE|0,00|477,91|||20251012||
AC|Achats|AC00031|20251128|611000|Sous-traitance generale|||AC116054|20251128|FACT 250205 FOURNITURES BUREAU|664,86|0,00|||20251130||
AC|Achats|AC00031|20251128|455000|Associes - Comptes courants|||AC116054|20251128|FACT 250205 FOURNITURES BUREAU|0,00|664,86|||20251130||
AC|Achats|AC00032|20250919|613500|Locations mobilieres|||AC098755|20250919|FACT 250224 PAPETERIE EXPRESS|532,64|0,00|||20250926||
AC|Achats|AC00032|20250919|580000|Virements internes|||AC098755|20250919|FACT 250224 PAPETERIE EXPRESS|0,00|532,64|||20250926||
AC|Achats|AC00033|20251107|401000|Fournisseurs|F00007|ASSURANCE GENERALI|AC112094|20251107|FACT 250215 ELECTRICITE DE FRANCE|4048,09|0,00|C2|20251230|20251110||
AC|Achats|AC00033|20251107|518100|Interets courus a payer|||AC112094|20251107|FACT 250215 ELECTRICITE DE FRANCE|0,00|4048,09|||20251110||
AC|Achats|AC00034|20250804|622700|Frais d'actes et de contentieux|||AC085742|20250804|FACT 250211 DALKIA FRANCE|660,07|0,00|||20250810||
AC|Achats|AC00034|20250804|518700|Interets courus a recevoir|||AC085742|20250804|FACT 250211 DALKIA FRANCE|0,00|660,07|||20250810||
AC|Achats|AC00035|20250516|623000|Publicite, publications, relations publiques|||AC059368|20250516|FACT 250221 ELECTRICITE DE FRANCE|322,71|0,00|||20250523||
AC|Achats|AC00035|20250516|467000|Autres comptes debiteurs ou crediteurs|||AC059368|20250516|FACT 250221 ELECTRICITE DE FRANCE|0,00|322,71|||20250523||
AC|Achats|AC00036|20250127|622700|Frais d'actes et de contentieux|||AC014749|20250127|FACT 250104 DALKIA FRANCE|1444,17|0,00|||20250131||
AC|Achats|AC00036|20250127|518100|Interets courus a payer|||AC014749|20250127|FACT 250104 DALKIA FRANCE|0,00|1444,17|||20250131||
AC|Achats|AC00037|20250103|623400|Cadeaux a la clientele|||AC011775|20250103|FACT 250131 TELECOM SAS|77,20|0,00|||20250108||
AC|Achats|AC00037|20250103|512100|Banque secondaire|||AC011775|20250103|FACT 250131 TELECOM SAS|0,00|77,20|||20250108||
AC|Achats|AC00038|20251024|623400|Cadeaux a la clientele|||AC106809|20251024|FACT 250205 TELECOM SAS|1333,00|0,00|||20251030||
AC|Achats|AC00038|20251024|411000|Clients|C00003|CLIENT GAMMA|AC106809|20251024|FACT 250205 TELECOM SAS|0,00|1333,00|||20251030||
AC|Achats|AC00039|20250425|606400|Fournitures administratives|||AC041062|20250425|FACT 250108 ELECTRICITE DE FRANCE|468,72|0,00|||20250425||
AC|Achats|AC00039|20250425|409100|Fournisseurs - Avances et acomptes verses|||AC041062|20250425|FACT 250108 ELECTRICITE DE FRANCE|0,00|468,72|||20250425||
AC|Achats|AC00040|20250325|623100|Annonces et insertions|||AC033411|20250325|FACT 250210 FOURNITURES BUREAU|1961,68|0,00|||20250331||
AC|Achats|AC00040|20250325|580000|Virements internes|||AC033411|20250325|FACT 250210 FOURNITURES BUREAU|0,00|1961,68|||20250331||
AC|Achats|AC00041|20250123|623000|Publicite, publications, relations publiques|||AC012794|20250123|FACT 250116 PAPETERIE EXPRESS|1517,11|0,00|||20250127||
AC|Achats|AC00041|20250123|518100|Interets courus a payer|||AC012794|20250123|FACT 250116 PAPETERIE EXPRESS|0,00|1517,11|||20250127||
AC|Achats|AC00042|20250717|401000|Fournisseurs|F00005|BUREAU VERITAS|AC073151|20250717|FACT 250123 FOURNITURES BUREAU|5691,93|0,00|||20250722||
AC|Achats|AC00042|20250717|500000|Valeurs mobilieres de placement|||AC073151|20250717|FACT 250123 FOURNITURES BUREAU|0,00|5691,93|||20250722||
AC|Achats|AC00043|20250520|613200|Locations immobilieres|||AC055052|20250520|FACT 250211 DALKIA FRANCE|693,53|0,00|||20250521||
AC|Achats|AC00043|20250520|487000|Produits constates d'avance|||AC055052|20250520|FACT 250211 DALKIA FRANCE|0,00|693,53|||20250521||
AC|Achats|AC00044|20250425|626000|Frais postaux et de telecommunications|||AC041351|20250425|FACT 250131 ELECTRICITE DE FRANCE|201,74|0,00|||20250425||
AC|Achats|AC00044|20250425|512000|Banque principale|||AC041351|20250425|FACT 250131 ELECTRICITE DE FRANCE|0,00|201,74|||20250425||
AC|Achats|AC00045|20250424|618100|Documentation generale|||AC049245|20250424|FACT 250114 DALKIA FRANCE|1755,57|0,00|||20250425||
AC|Achats|AC00045|20250424|471000|Compte d'attente|||AC049245|20250424|FACT 250114 DALKIA FRANCE|0,00|1755,57|||20250425||
AC|Achats|AC00046|20250620|615500|Entretien et reparations sur biens mobiliers|||AC067100|20250620|FACT 250129 ELECTRICITE DE FRANCE|1085,38|0,00|||20250623||
AC|Achats|AC00046|20250620|416000|Clients douteux|||AC067100|20250620|FACT 250129 ELECTRICITE DE FRANCE|0,00|1085,38|||20250623||
AC|Achats|AC00047|20250812|606100|Electricite, gaz, eau|||AC086573|20250812|FACT 250224 FOURNITURES BUREAU|368,17|0,00|||20250816||
AC|Achats|AC00047|20250812|445510|TVA a decaisser|||AC086573|20250812|FACT 250224 FOURNITURES BUREAU|0,00|368,17|||20250816||
AC|Achats|AC00048|20250611|615500|Entretien et reparations sur biens mobiliers|||AC068487|20250611|FACT 250123 ELECTRICITE DE FRANCE|966,46|0,00|||20250612||
AC|Achats|AC00048|20250611|511000|Valeurs a l'encaissement|||AC068487|20250611|FACT 250123 ELECTRICITE DE FRANCE|0,00|966,46|||20250612||
AC|Achats|AC00049|20250127|626000|Frais postaux et de telecommunications|||AC015800|20250127|FACT 250106 FOURNITURES BUREAU|815,33|0,00|||20250203||
AC|Achats|AC00049|20250127|508000|Interets courus sur VMP|||AC015800|20250127|FACT 250106 FOURNITURES BUREAU|0,00|815,33|||20250203||
AC|Achats|AC00050|20250124|602260|Achats d'emballages|||AC018879|20250124|FACT 250225 ELECTRICITE DE FRANCE|686,41|0,00|||20250128||
AC|Achats|AC00050|20250124|421000|Personnel - Remunerations dues|||AC018879|20250124|FACT 250225 ELECTRICITE DE FRANCE|0,00|686,41|||20250128||
AC|Achats|AC00051|20251226|621000|Personnel exterieur a l'entreprise|||AC124413|20251226|FACT 250112 PAPETERIE EXPRESS|388,10|0,00|||20251227||
AC|Achats|AC00051|20251226|491000|Depreciation des comptes clients|||AC124413|20251226|FACT 250112 PAPETERIE EXPRESS|0,00|388,10|||20251227||
AC|Achats|AC00052|20251224|618100|Documentation generale|||AC127147|20251224|FACT 250122 ELECTRICITE DE FRANCE|174,16|0,00|||20251225||
AC|Achats|AC00052|20251224|428200|Personnel - Conges payes|||AC127147|20251224|FACT 250122 ELECTRICITE DE FRANCE|0,00|174,16|||20251225||
AC|Achats|AC00053|20250704|626000|Frais postaux et de telecommunications|||AC072420|20250704|FACT 250103 DALKIA FRANCE|746,76|0,00|||20250710||
AC|Achats|AC00053|20250704|404000|Fournisseurs d'immobilisations|||AC072420|20250704|FACT 250103 DALKIA FRANCE|0,00|746,76|||20250710||
AC|Achats|AC00054|20250328|625100|Voyages et deplacements|||AC036937|20250328|FACT 250220 ELECTRICITE DE FRANCE|494,95|0,00|||20250401||
AC|Achats|AC00054|20250328|437000|Autres organismes sociaux|||AC036937|20250328|FACT 250220 ELECTRICITE DE FRANCE|0,00|494,95|||20250401||
AC|Achats|AC00055|20250117|625700|Receptions|||AC011993|20250117|FACT 250129 DALKIA FRANCE|139,61|0,00|||20250122||
AC|Achats|AC00055|20250117|431000|Securite sociale|||AC011993|20250117|FACT 250129 DALKIA FRANCE|0,00|139,61|||20250122||
AC|Achats|AC00056|20250613|602200|Achats de fournitures consommables|||AC068922|20250613|FACT 250104 FOURNITURES BUREAU|665,57|0,00|||20250619||
AC|Achats|AC00056|20250613|408400|Fournisseurs d'immobilisations - Factures non parvenues|||AC068922|20250613|FACT 250104 FOURNITURES BUREAU|0,00|665,57|||20250619||
AC|Achats|AC00057|20251117|602260|Achats d'emballages|||AC116646|20251117|FACT 250225 PAPETERIE EXPRESS|193,90|0,00|||20251119||
AC|Achats|AC00057|20251117|511000|Valeurs a l'encaissement|||AC116646|20251117|FACT 250225 PAPETERIE EXPRESS|0,00|193,90|||20251119||
AC|Achats|AC00058|20251121|606400|Fournitures administratives|||AC114479|20251121|FACT 250201 FOURNITURES BUREAU|660,22|0,00|||20251124||
AC|Achats|AC00058|20251121|421000|Personnel - Remunerations dues|||AC114479|20251121|FACT 250201 FOURNITURES BUREAU|0,00|660,22|||20251124||
AC|Achats|AC00059|20250212|625700|Receptions|||AC026434|20250212|FACT 250125 TELECOM SAS|168,18|0,00|||20250216||
AC|Achats|AC00059|20250212|590000|Depreciation des valeurs mobilieres de placement|||AC026434|20250212|FACT 250125 TELECOM SAS|0,00|168,18|||20250216||
AC|Achats|AC00060|20250204|623400|Cadeaux a la clientele|||AC021543|20250204|FACT 250224 PAPETERIE EXPRESS|561,97|0,00|||20250211||
AC|Achats|AC00060|20250204|445660|TVA deductible sur ABS|||AC021543|20250204|FACT 250224 PAPETERIE EXPRESS|0,00|561,97|||20250211||
AC|Achats|AC00061|20251226|606800|Autres matieres et fournitures|||AC126940|20251226|FACT 250119 PAPETERIE EXPRESS|388,44|0,00|||20251227||
AC|Achats|AC00061|20251226|500000|Valeurs mobilieres de placement|||AC126940|20251226|FACT 250119 PAPETERIE EXPRESS|0,00|388,44|||20251227||
AC|Achats|AC00062|20250808|607000|Achats de marchandises|||AC082684|20250808|FACT 250122 DALKIA FRANCE|1912,71|0,00|||20250809||
AC|Achats|AC00062|20250808|530000|Caisse|||AC082684|20250808|FACT 250122 DALKIA FRANCE|0,00|1912,71|||20250809||
AC|Achats|AC00063|20250324|623400|Cadeaux a la clientele|||AC039025|20250324|FACT 250125 PAPETERIE EXPRESS|695,44|0,00|||20250330||
AC|Achats|AC00063|20250324|518700|Interets courus a recevoir|||AC039025|20250324|FACT 250125 PAPETERIE EXPRESS|0,00|695,44|||20250330||
AC|Achats|AC00064|20250808|614000|Charges locatives|||AC088777|20250808|FACT 250115 TELECOM SAS|1394,51|0,00|||20250815||
AC|Achats|AC00064|20250808|468600|Charges a payer|||AC088777|20250808|FACT 250115 TELECOM SAS|0,00|1394,51|||20250815||
AC|Achats|AC00065|20251209|601000|Achats de matieres premieres|||AC125177|20251209|FACT 250107 ELECTRICITE DE FRANCE|308,28|0,00|||20251210||
AC|Achats|AC00065|20251209|512100|Banque secondaire|||AC125177|20251209|FACT 250107 ELECTRICITE DE FRANCE|0,00|308,28|||20251210||
AC|Achats|AC00066|20250915|616000|Primes d'assurance|||AC093527|20250915|FACT 250106 ELECTRICITE DE FRANCE|1944,40|0,00|||20250922||
AC|Achats|AC00066|20250915|471000|Compte d'attente|||AC093527|20250915|FACT 250106 ELECTRICITE DE FRANCE|0,00|1944,40|||20250922||
AC|Achats|AC00067|20250506|623000|Publicite, publications, relations publiques|||AC056750|20250506|FACT 250130 FOURNITURES BUREAU|1348,89|0,00|||20250506||
AC|Achats|AC00067|20250506|416000|Clients douteux|||AC056750|20250506|FACT 250130 FOURNITURES BUREAU|0,00|1348,89|||20250506||
AC|Achats|AC00068|20251114|625600|Missions|||AC117134|20251114|FACT 250210 TELECOM SAS|1359,99|0,00|||20251116||
AC|Achats|AC00068|20251114|514000|Cheques postaux|||AC117134|20251114|FACT 250210 TELECOM SAS|0,00|1359,99|||20251116||
AC|Achats|AC00069|20250228|607000|Achats de marchandises|||AC021807|20250228|FACT 250226 TELECOM SAS|1154,45|0,00|||20250303||
AC|Achats|AC00069|20250228|451000|Groupe|||AC021807|20250228|FACT 250226 TELECOM SAS|0,00|1154,45|||20250303||
AC|Achats|AC00070|20250429|622700|Frais d'actes et de contentieux|||AC042225|20250429|FACT 250121 DALKIA FRANCE|599,19|0,00|||20250506||
AC|Achats|AC00070|20250429|512000|Banque principale|||AC042225|20250429|FACT 250121 DALKIA FRANCE|0,00|599,19|||20250506||
AC|Achats|AC00071|20250901|614000|Charges locatives|||AC093125|20250901|FACT 250123 DALKIA FRANCE|876,52|0,00|||20250905||
AC|Achats|AC00071|20250901|401000|Fournisseurs|F00005|BUREAU VERITAS|AC093125|20250901|FACT 250123 DALKIA FRANCE|0,00|876,52|||20250905||
AC|Achats|AC00072|20251010|611000|Sous-traitance generale|||AC104472|20251010|FACT 250109 FOURNITURES BUREAU|1362,97|0,00|||20251017||
AC|Achats|AC00072|20251010|437000|Autres organismes sociaux|||AC104472|20251010|FACT 250109 FOURNITURES BUREAU|0,00|1362,97|||20251017||
AC|Achats|AC00073|20250110|612000|Redevances de credit-bail|||AC013556|20250110|FACT 250214 ELECTRICITE DE FRANCE|168,21|0,00|||20250115||
AC|Achats|AC00073|20250110|408100|Fournisseurs - Factures non parvenues|||AC013556|20250110|FACT 250214 ELECTRICITE DE FRANCE|0,00|168,21|||20250115||
AC|Achats|AC00074|20250109|606300|Fournitures d'entretien et petit equipement|||AC015618|20250109|FACT 250131 FOURNITURES BUREAU|1825,85|0,00|||20250115||
AC|Achats|AC00074|20250109|500000|Valeurs mobilieres de placement|||AC015618|20250109|FACT 250131 FOURNITURES BUREAU|0,00|1825,85|||20250115||
AC|Achats|AC00075|20250725|615200|Entretien et reparations sur biens immobiliers|||AC072154|20250725|FACT 250106 FOURNITURES BUREAU|1348,96|0,00|||20250727||
AC|Achats|AC00075|20250725|512000|Banque principale|||AC072154|20250725|FACT 250106 FOURNITURES BUREAU|0,00|1348,96|||20250727||
AC|Achats|AC00076|20250122|606100|Electricite, gaz, eau|||AC011220|20250122|FACT 250125 TELECOM SAS|467,68|0,00|||20250127||
AC|Achats|AC00076|20250122|408100|Fournisseurs - Factures non parvenues|||AC011220|20250122|FACT 250125 TELECOM SAS|0,00|467,68|||20250127||
AC|Achats|AC00077|20251024|607000|Achats de marchandises|||AC107054|20251024|FACT 250217 TELECOM SAS|681,79|0,00|||20251024||
AC|Achats|AC00077|20251024|409100|Fournisseurs - Avances et acomptes verses|||AC107054|20251024|FACT 250217 TELECOM SAS|0,00|681,79|||20251024||
AC|Achats|AC00078|20250711|623000|Publicite, publications, relations publiques|||AC076766|20250711|FACT 250104 FOURNITURES BUREAU|1652,33|0,00|||20250712||
AC|Achats|AC00078|20250711|500000|Valeurs mobilieres de placement|||AC076766|20250711|FACT 250104 FOURNITURES BUREAU|0,00|1652,33|||20250712||
AC|Achats|AC00079|20250502|602200|Achats de fournitures consommables|||AC053850|20250502|FACT 250109 ELECTRICITE DE FRANCE|1113,84|0,00|||20250503||
AC|Achats|AC00079|20250502|445860|TVA sur factures non parvenues|||AC053850|20250502|FACT 250109 ELECTRICITE DE FRANCE|0,00|1113,84|||20250503||
AC|Achats|AC00080|20250909|612000|Redevances de credit-bail|||AC091123|20250909|FACT 250121 PAPETERIE EXPRESS|1305,47|0,00|||20250910||
AC|Achats|AC00080|20250909|580000|Virements internes|||AC091123|20250909|FACT 250121 PAPETERIE EXPRESS|0,00|1305,47|||20250910||
AC|Achats|AC00081|20250417|627000|Services bancaires et assimiles|||AC044755|20250417|FACT 250124 FOURNITURES BUREAU|728,80|0,00|||20250422||
AC|Achats|AC00081|20250417|401000|Fournisseurs|F00004|PAPETERIE EXPRESS|AC044755|20250417|FACT 250124 FOURNITURES BUREAU|0,00|728,80|||20250422||
AC|Achats|AC00082|20251114|615500|Entretien et reparations sur biens mobiliers|||AC119502|20251114|FACT 250204 PAPETERIE EXPRESS|80,25|0,00|||20251116||
AC|Achats|AC00082|20251114|445710|TVA collectee a payer|||AC119502|20251114|FACT 250204 PAPETERIE EXPRESS|0,00|80,25|||20251116||
AC|Achats|AC00083|20250822|625600|Missions|||AC087032|20250822|FACT 250105 FOURNITURES BUREAU|1886,74|0,00|||20250827||
AC|Achats|AC00083|20250822|514000|Cheques postaux|||AC087032|20250822|FACT 250105 FOURNITURES BUREAU|0,00|1886,74|||20250827||
AC|Achats|AC00084|20250103|615600|Maintenance|||AC017521|20250103|FACT 250215 PAPETERIE EXPRESS|1747,70|0,00|||20250107||
AC|Achats|AC00084|20250103|445660|TVA deductible sur ABS|||AC017521|20250103|FACT 250215 PAPETERIE EXPRESS|0,00|1747,70|||20250107||
AC|Achats|AC00085|20251020|401000|Fournisseurs|F00005|BUREAU VERITAS|AC108244|20251020|FACT 250113 ELECTRICITE DE FRANCE|855,53|0,00|||20251022||
AC|Achats|AC00085|20251020|530000|Caisse|||AC108244|20251020|FACT 250113 ELECTRICITE DE FRANCE|0,00|855,53|||20251022||
AC|Achats|AC00086|20251029|611000|Sous-traitance generale|||AC107885|20251029|FACT 250102 FOURNITURES BUREAU|136,07|0,00|||20251103||
AC|Achats|AC00086|20251029|431000|Securite sociale|||AC107885|20251029|FACT 250102 FOURNITURES BUREAU|0,00|136,07|||20251103||
AC|Achats|AC00087|20250410|401000|Fournisseurs|F00005|BUREAU VERITAS|AC044929|20250410|FACT 250218 DALKIA FRANCE|1372,98|0,00|||20250413||
AC|Achats|AC00087|20250410|514000|Cheques postaux|||AC044929|20250410|FACT 250218 DALKIA FRANCE|0,00|1372,98|||20250413||
AC|Achats|AC00088|20250627|602200|Achats de fournitures consommables|||AC063833|20250627|FACT 250105 DALKIA FRANCE|427,22|0,00|||20250701||
AC|Achats|AC00088|20250627|404000|Fournisseurs d'immobilisations|||AC063833|20250627|FACT 250105 DALKIA FRANCE|0,00|427,22|||20250701||
AC|Achats|AC00089|20250623|606400|Fournitures administratives|||AC064090|20250623|FACT 250211 DALKIA FRANCE|804,73|0,00|||20250627||
AC|Achats|AC00089|20250623|445520|TVA due intracommunautaire|||AC064090|20250623|FACT 250211 DALKIA FRANCE|0,00|804,73|||20250627||
AC|Achats|AC00090|20250228|627000|Services bancaires et assimiles|||AC024554|20250228|FACT 250215 DALKIA FRANCE|85,36|0,00|||20250304||
AC|Achats|AC00090|20250228|512100|Banque secondaire|||AC024554|20250228|FACT 250215 DALKIA FRANCE|0,00|85,36|||20250304||
AC|Achats|AC00091|20251208|618500|Frais de colloques, seminaires, conferences|||AC126666|20251208|FACT 250124 PAPETERIE EXPRESS|154,35|0,00|||20251209||
AC|Achats|AC00091|20251208|518100|Interets courus a payer|||AC126666|20251208|FACT 250124 PAPETERIE EXPRESS|0,00|154,35|||20251209||
AC|Achats|AC00092|20251231|623100|Annonces et insertions|||AC124069|20251231|FACT 250107 PAPETERIE EXPRESS|1049,15|0,00|||20251231||
AC|Achats|AC00092|20251231|438200|Charges sociales sur conges a payer|||AC124069|20251231|FACT 250107 PAPETERIE EXPRESS|0,00|1049,15|||20251231||
AC|Achats|AC00093|20250730|606300|Fournitures d'entretien et petit equipement|||AC073477|20250730|FACT 250203 PAPETERIE EXPRESS|733,04|0,00|||20250804||
AC|Achats|AC00093|20250730|444000|Etat - Impots sur les benefices|||AC073477|20250730|FACT 250203 PAPETERIE EXPRESS|0,00|733,04|||20250804||
AC|Achats|AC00094|20250314|616000|Primes d'assurance|||AC033262|20250314|FACT 250209 FOURNITURES BUREAU|1018,17|0,00|||20250317||
AC|Achats|AC00094|20250314|418100|Clients - Factures a etablir|||AC033262|20250314|FACT 250209 FOURNITURES BUREAU|0,00|1018,17|||20250317||
AC|Achats|AC00095|20250214|607000|Achats de marchandises|||AC024587|20250214|FACT 250217 ELECTRICITE DE FRANCE|724,44|0,00|||20250220||
AC|Achats|AC00095|20250214|467000|Autres comptes debiteurs ou crediteurs|||AC024587|20250214|FACT 250217 ELECTRICITE DE FRANCE|0,00|724,44|||20250220||
AC|Achats|AC00096|20250926|626000|Frais postaux et de telecommunications|||AC094062|20250926|FACT 250127 PAPETERIE EXPRESS|812,72|0,00|||20251002||
AC|Achats|AC00096|20250926|514000|Cheques postaux|||AC094062|20250926|FACT 250127 PAPETERIE EXPRESS|0,00|812,72|||20251002||
AC|Achats|AC00097|20250221|602200|Achats de fournitures consommables|||AC023820|20250221|FACT 250205 ELECTRICITE DE FRANCE|953,38|0,00|||20250224||
AC|Achats|AC00097|20250221|416000|Clients douteux|||AC023820|20250221|FACT 250205 ELECTRICITE DE FRANCE|0,00|953,38|||20250224||
AC|Achats|AC00098|20250813|627000|Services bancaires et assimiles|||AC084750|20250813|FACT 250119 FOURNITURES BUREAU|1276,92|0,00|||20250820||
AC|Achats|AC00098|20250813|487000|Produits constates d'avance|||AC084750|20250813|FACT 250119 FOURNITURES BUREAU|0,00|1276,92|||20250820||
AC|Achats|AC00099|20250131|606400|Fournitures administratives|||AC018046|20250131|FACT 250120 DALKIA FRANCE|1932,37|0,00|||20250202||
AC|Achats|AC00099|20250131|518100|Interets courus a payer|||AC018046|20250131|FACT 250120 DALKIA FRANCE|0,00|1932,37|||20250202||
BQ|Banque|BQ00001|20251124|691000|Participation des salaries aux resultats|||BQ111817|20251124|CB 06/01 FOURNISSEUR|952,00|0,00|||20251127||
BQ|Banque|BQ00001|20251124|580000|Virements internes|||BQ111817|20251124|CB 06/01 FOURNISSEUR|0,00|952,00|||20251127||
BQ|Banque|BQ00002|20250331|518700|Interets courus a recevoir|||BQ036912|20250331|VIREMENT 17/02 REF 98060945|349,03|0,00|||20250406||
BQ|Banque|BQ00002|20250331|511000|Valeurs a l'encaissement|||BQ036912|20250331|VIREMENT 17/02 REF 98060945|0,00|349,03|||20250406||
BQ|Banque|BQ00003|20250924|654000|Pertes sur creances irrecouvrables|||BQ099853|20250924|CB 06/02 FOURNISSEUR|651,48|0,00|||20250929||
BQ|Banque|BQ00003|20250924|514000|Cheques postaux|||BQ099853|20250924|CB 06/02 FOURNISSEUR|0,00|651,48|||20250929||
BQ|Banque|BQ00004|20250221|701000|Ventes de produits finis|||BQ027436|20250221|OPERATION BANCAIRE 06/02|1432,42|0,00|||20250224||
BQ|Banque|BQ00004|20250221|786500|Reprises sur provisions pour risques et charges financiers|||BQ027436|20250221|OPERATION BANCAIRE 06/02|0,00|1432,42|||20250224||
BQ|Banque|BQ00005|20250917|671000|Charges exceptionnelles sur operations de gestion|||BQ092701|20250917|CB 15/01 FOURNISSEUR|52,50|0,00|||20250922||
BQ|Banque|BQ00005|20250917|451000|Groupe|||BQ092701|20250917|CB 15/01 FOURNISSEUR|0,00|52,50|||20250922||
BQ|Banque|BQ00006|20250403|614000|Charges locatives|||BQ045981|20250403|CB 21/02 FOURNISSEUR|751,64|0,00|||20250410||
BQ|Banque|BQ00006|20250403|445520|TVA due intracommunautaire|||BQ045981|20250403|CB 21/02 FOURNISSEUR|0,00|751,64|||20250410||
BQ|Banque|BQ00007|20250207|404000|Fournisseurs d'immobilisations|||BQ022478|20250207|OPERATION BANCAIRE 07/01|850,55|0,00|||20250209||
BQ|Banque|BQ00007|20250207|447100|Autres impots, taxes et versements assimiles|||BQ022478|20250207|OPERATION BANCAIRE 07/01|0,00|850,55|||20250209||
BQ|Banque|BQ00008|20250526|654000|Pertes sur creances irrecouvrables|||BQ057882|20250526|CB 21/01 FOURNISSEUR|261,52|0,00|||20250530||
BQ|Banque|BQ00008|20250526|425000|Personnel - Avances et acomptes|||BQ057882|20250526|CB 21/01 FOURNISSEUR|0,00|261,52|||20250530||
BQ|Banque|BQ00009|20250606|606100|Electricite, gaz, eau|||BQ061764|20250606|CB 01/01 FOURNISSEUR|1963,11|0,00|||20250607||
BQ|Banque|BQ00009|20250606|512100|Banque secondaire|||BQ061764|20250606|CB 01/01 FOURNISSEUR|0,00|1963,11|||20250607||
BQ|Banque|BQ00010|20251226|623100|Annonces et insertions|||BQ126505|20251226|CB 28/01 FOURNISSEUR|236,97|0,00|||20251227||
BQ|Banque|BQ00010|20251226|511000|Valeurs a l'encaissement|||BQ126505|20251226|CB 28/01 FOURNISSEUR|0,00|236,97|||20251227||
BQ|Banque|BQ00011|20251128|665000|Escomptes accordes|||BQ111610|20251128|CB 09/02 FOURNISSEUR|286,74|0,00|||20251201||
BQ|Banque|BQ00011|20251128|468600|Charges a payer|||BQ111610|20251128|CB 09/02 FOURNISSEUR|0,00|286,74|||20251201||
BQ|Banque|BQ00012|20250414|695000|Impots sur les benefices|||BQ047799|20250414|CB 17/01 FOURNISSEUR|1374,36|0,00|||20250420||
BQ|Banque|BQ00012|20250414|409100|Fournisseurs - Avances et acomptes verses|||BQ047799|20250414|CB 17/01 FOURNISSEUR|0,00|1374,36|||20250420||
BQ|Banque|BQ00013|20250815|781500|Reprises sur provisions pour risques et charges d'exploitation|||BQ081512|20250815|OPERATION BANCAIRE 17/02|1975,80|0,00|||20250822||
BQ|Banque|BQ00013|20250815|681740|Dot. provisions sur creances|||BQ081512|20250815|OPERATION BANCAIRE 17/02|0,00|1975,80|||20250822||
BQ|Banque|BQ00014|20251204|419100|Clients - Avances et acomptes recus|||BQ125850|20251204|OPERATION BANCAIRE 13/01|794,49|0,00|||20251204||
BQ|Banque|BQ00014|20251204|631000|Impots, taxes et versements assimiles sur remunerations|||BQ125850|20251204|OPERATION BANCAIRE 13/01|0,00|794,49|||20251204||
BQ|Banque|BQ00015|20251108|622600|Honoraires|||BQ117562|20251105|CB 20/01 FOURNISSEUR|1811,69|0,00|||20251109||
BQ|Banque|BQ00015|20251105|409100|Fournisseurs - Avances et acomptes verses|||BQ117562|20251105|CB 20/01 FOURNISSEUR|0,00|1811,69|||20251109||
BQ|Banque|BQ00016|20250731|602200|Achats de fournitures consommables|||BQ075955|20250731|CB 05/02 FOURNISSEUR|1344,06|0,00|||20250804||
BQ|Banque|BQ00016|20250731|467000|Autres comptes debiteurs ou crediteurs|||BQ075955|20250731|CB 05/02 FOURNISSEUR|0,00|1344,06|||20250804||
BQ|Banque|BQ00017|20250710|707000|Ventes de marchandises|||BQ078169|20250710|OPERATION BANCAIRE 14/02|1780,01|0,00|||20250716||
BQ|Banque|BQ00017|20250710|168800|Interets courus sur emprunts|||BQ078169|20250710|OPERATION BANCAIRE 14/02|0,00|1780,01|||20250716||
BQ|Banque|BQ00018|20251211|403000|Fournisseurs - Effets a payer|||BQ125465|20251211|OPERATION BANCAIRE 08/02|360,94|0,00|||20251214||
BQ|Banque|BQ00018|20251211|781740|Reprises sur provisions sur creances|||BQ125465|20251211|OPERATION BANCAIRE 08/02|0,00|360,94|||20251214||
BQ|Banque|BQ00019|20250214|418100|Clients - Factures a etablir|||BQ026794|20250214|OPERATION BANCAIRE 24/01|551,22|0,00|||20250214||
BQ|Banque|BQ00019|20250214|281830|Amort. materiel de bureau|||BQ026794|20250214|OPERATION BANCAIRE 24/01|0,00|551,22|||20250214||
BQ|Banque|BQ00020|20250926|621000|Personnel exterieur a l'entreprise|||BQ098275|20250926|CB 01/02 FOURNISSEUR|1233,75|0,00|||20250927||
BQ|Banque|BQ00020|20250926|408400|Fournisseurs d'immobilisations - Factures non parvenues|||BQ098275|20250926|CB 01/02 FOURNISSEUR|0,00|1233,75|||20250927||
BQ|Banque|BQ00021|20250709|608500|Frais accessoires d'achat|||BQ076182|20250709|CB 13/02 FOURNISSEUR|61,18|0,00|||20250711||
BQ|Banque|BQ00021|20250709|437000|Autres organismes sociaux|||BQ076182|20250709|CB 13/02 FOURNISSEUR|0,00|61,18|||20250711||
BQ|Banque|BQ00022|20251113|681120|Dot. amort. sur immo. corporelles|||BQ112085|20251113|CB 08/02 FOURNISSEUR|1847,30|0,00|||20251113||
BQ|Banque|BQ00022|20251113|408400|Fournisseurs d'immobilisations - Factures non parvenues|||BQ112085|20251113|CB 08/02 FOURNISSEUR|0,00|1847,30|||20251113||
BQ|Banque|BQ00023|20250902|764000|Revenus des valeurs mobilieres de placement|||BQ094725|20250902|OPERATION BANCAIRE 24/02|1124,32|0,00|||20250903||
BQ|Banque|BQ00023|20250902|218200|Materiel de transport|||BQ094725|20250902|OPERATION BANCAIRE 24/02|0,00|1124,32|||20250903||
BQ|Banque|BQ00024|20250421|763000|Revenus des autres creances|||BQ046757|20250421|OPERATION BANCAIRE 03/02|1378,56|0,00|||20250428||
BQ|Banque|BQ00024|20250421|218200|Materiel de transport|||BQ046757|20250421|OPERATION BANCAIRE 03/02|0,00|1378,56|||20250428||
BQ|Banque|BQ00025|20250922|606100|Electricite, gaz, eau|||BQ092794|20250922|CB 17/02 FOURNISSEUR|1201,74|0,00|||20250928||
BQ|Banque|BQ00025|20250922|403000|Fournisseurs - Effets a payer|||BQ092794|20250922|CB 17/02 FOURNISSEUR|0,00|1201,74|||20250928||
BQ|Banque|BQ00026|20250814|631000|Impots, taxes et versements assimiles sur remunerations|||BQ084311|20250814|CB 31/01 FOURNISSEUR|1678,80|0,00|||20250816||
BQ|Banque|BQ00026|20250814|512100|Banque secondaire|||BQ084311|20250814|CB 31/01 FOURNISSEUR|0,00|1678,80|||20250816||
BQ|Banque|BQ00027|20251121|627000|Services bancaires et assimiles|||BQ119886|20251121|CB 15/02 FOURNISSEUR|952,23|0,00|||20251122||
BQ|Banque|BQ00027|20251121|445670|TVA collectee|||BQ119886|20251121|CB 15/02 FOURNISSEUR|0,00|952,23|||20251122||
BQ|Banque|BQ00028|20250225|514000|Cheques postaux|||BQ028776|20250225|VIREMENT 09/01 REF 82504698|270,27|0,00|||20250302||
BQ|Banque|BQ00028|20250225|740000|Subventions d'exploitation|||BQ028776|20250225|VIREMENT 09/01 REF 82504698|0,00|270,27|||20250302||
BQ|Banque|BQ00029|20251001|623400|Cadeaux a la clientele|||BQ103970|20251001|CB 14/02 FOURNISSEUR|891,82|0,00|||20251007||
BQ|Banque|BQ00029|20251001|401000|Fournisseurs|F00006|MAINTENANCE PRO|BQ103970|20251001|CB 14/02 FOURNISSEUR|0,00|891,82|||20251007||
BQ|Banque|BQ00030|20251119|602200|Achats de fournitures consommables|||BQ113610|20251119|CB 25/01 FOURNISSEUR|909,62|0,00|||20251120||
BQ|Banque|BQ00030|20251119|518700|Interets courus a recevoir|||BQ113610|20251119|CB 25/01 FOURNISSEUR|0,00|909,62|||20251120||
BQ|Banque|BQ00031|20251010|771000|Produits exceptionnels sur operations de gestion|||BQ107165|20251010|OPERATION BANCAIRE 09/02|165,19|0,00|||20251015||
BQ|Banque|BQ00031|20251010|213500|Installations generales, agencements|||BQ107165|20251010|OPERATION BANCAIRE 09/02|0,00|165,19|||20251015||
BQ|Banque|BQ00032|20250904|615500|Entretien et reparations sur biens mobiliers|||BQ096218|20250904|CB 08/02 FOURNISSEUR|740,17|0,00|||20250906||
BQ|Banque|BQ00032|20250904|590000|Depreciation des valeurs mobilieres de placement|||BQ096218|20250904|CB 08/02 FOURNISSEUR|0,00|740,17|||20250906||
BQ|Banque|BQ00033|20250619|701000|Ventes de produits finis|||BQ067633|20250619|OPERATION BANCAIRE 26/02|629,21|0,00|||20250625||
BQ|Banque|BQ00033|20250619|681110|Dot. amort. sur immo. incorporelles|||BQ067633|20250619|OPERATION BANCAIRE 26/02|0,00|629,21|||20250625||
BQ|Banque|BQ00034|20251126|796000|Transferts de charges financieres|||BQ111712|20251126|OPERATION BANCAIRE 22/02|1978,08|0,00|||20251130||
BQ|Banque|BQ00034|20251126|665000|Escomptes accordes|||BQ111712|20251126|OPERATION BANCAIRE 22/02|0,00|1978,08|||20251130||
BQ|Banque|BQ00035|20250703|623100|Annonces et insertions|||BQ077494|20250703|CB 06/02 FOURNISSEUR|31,50|0,00|||20250710||
BQ|Banque|BQ00035|20250703|514000|Cheques postaux|||BQ077494|20250703|CB 06/02 FOURNISSEUR|0,00|31,50|||20250710||
BQ|Banque|BQ00036|20250212|613500|Locations mobilieres|||BQ021491|20250212|CB 07/01 FOURNISSEUR|75,55|0,00|||20250219||
BQ|Banque|BQ00036|20250212|518700|Interets courus a recevoir|||BQ021491|20250212|CB 07/01 FOURNISSEUR|0,00|75,55|||20250219||
BQ|Banque|BQ00037|20250423|686500|Dot. provisions pour risques et charges financiers|||BQ048903|20250423|CB 20/01 FOURNISSEUR|1503,68|0,00|||20250427||
BQ|Banque|BQ00037|20250423|467000|Autres comptes debiteurs ou crediteurs|||BQ048903|20250423|CB 20/01 FOURNISSEUR|0,00|1503,68|||20250427||
BQ|Banque|BQ00038|20250814|645000|Charges de securite sociale et de prevoyance|||BQ081378|20250814|CB 01/02 FOURNISSEUR|98,37|0,00|||20250821||
BQ|Banque|BQ00038|20250814|518100|Interets courus a payer|||BQ081378|20250814|CB 01/02 FOURNISSEUR|0,00|98,37|||20250821||
BQ|Banque|BQ00039|20251125|786500|Reprises sur provisions pour risques et charges financiers|||BQ114274|20251125|OPERATION BANCAIRE 24/02|1504,50|0,00|||20251129||
BQ|Banque|BQ00039|20251125|621000|Personnel exterieur a l'entreprise|||BQ114274|20251125|OPERATION BANCAIRE 24/02|0,00|1504,50|||20251129||
BQ|Banque|BQ00040|20251031|631000|Impots, taxes et versements assimiles sur remunerations|||BQ109602|20251031|CB 24/01 FOURNISSEUR|1118,22|0,00|||20251106||
BQ|Banque|BQ00040|20251031|404000|Fournisseurs d'immobilisations|||BQ109602|20251031|CB 24/01 FOURNISSEUR|0,00|1118,22|||20251106||
BQ|Banque|BQ00041|20251225|675000|Valeurs comptables des elements d'actif cedes|||BQ123125|20251225|CB 14/01 FOURNISSEUR|811,86|0,00|||20251230||
BQ|Banque|BQ00041|20251225|455000|Associes - Comptes courants|||BQ123125|20251225|CB 14/01 FOURNISSEUR|0,00|811,86|||20251230||
BQ|Banque|BQ00042|20250711|500000|Valeurs mobilieres de placement|||BQ079739|20250711|VIREMENT 01/02 REF 14526321|826,38|0,00|||20250714||
BQ|Banque|BQ00042|20250711|681120|Dot. amort. sur immo. corporelles|||BQ079739|20250711|VIREMENT 01/02 REF 14526321|0,00|826,38|||20250714||
BQ|Banque|BQ00043|20250723|408400|Fournisseurs d'immobilisations - Factures non parvenues|||BQ077151|20250723|OPERATION BANCAIRE 12/01|965,13|0,00|||20250723||
BQ|Banque|BQ00043|20250723|754000|Ristournes percues des cooperatives|||BQ077151|20250723|OPERATION BANCAIRE 12/01|0,00|965,13|||20250723||
BQ|Banque|BQ00044|20251107|758000|Produits divers de gestion courante|||BQ116609|20251107|OPERATION BANCAIRE 20/02|1322,98|0,00|||20251111||
BQ|Banque|BQ00044|20251107|675000|Valeurs comptables des elements d'actif cedes|||BQ116609|20251107|OPERATION BANCAIRE 20/02|0,00|1322,98|||20251111||
BQ|Banque|BQ00045|20251217|675000|Valeurs comptables des elements d'actif cedes|||BQ126386|20251217|CB 20/01 FOURNISSEUR|945,76|0,00|||20251220||
BQ|Banque|BQ00045|20251217|486000|Charges constatees d'avance|||BQ126386|20251217|CB 20/01 FOURNISSEUR|0,00|945,76|||20251220||
BQ|Banque|BQ00046|20250328|713000|Variation des stocks|||BQ036868|20250328|OPERATION BANCAIRE 20/02|1195,65|0,00|||20250330||
BQ|Banque|BQ00046|20250328|614000|Charges locatives|||BQ036868|20250328|OPERATION BANCAIRE 20/02|0,00|1195,65|||20250330||
BQ|Banque|BQ00047|20250529|796000|Transferts de charges financieres|||BQ052731|20250529|OPERATION BANCAIRE 23/02|1692,83|0,00|||20250601||
BQ|Banque|BQ00047|20250529|606100|Electricite, gaz, eau|||BQ052731|20250529|OPERATION BANCAIRE 23/02|0,00|1692,83|||20250601||
BQ|Banque|BQ00048|20250204|695000|Impots sur les benefices|||BQ022105|20250204|CB 09/02 FOURNISSEUR|1058,63|0,00|||20250206||
BQ|Banque|BQ00048|20250208|427000|Personnel - Oppositions|||BQ022105|20250204|CB 09/02 FOURNISSEUR|0,00|1058,63|||20250206||
BQ|Banque|BQ00049|20251126|775000|Produits des cessions d'elements d'actif|||BQ117877|20251126|OPERATION BANCAIRE 25/01|1585,23|0,00|||20251129||
BQ|Banque|BQ00049|20251126|666000|Pertes de change|||BQ117877|20251126|OPERATION BANCAIRE 25/01|0,00|1585,23|||20251129||
BQ|Banque|BQ00050|20250225|664000|Pertes sur cessions de valeurs mobilieres de placement|||BQ029275|20250225|CB 17/02 FOURNISSEUR|1836,38|0,00|||20250301||
BQ|Banque|BQ00050|20250225|514000|Cheques postaux|||BQ029275|20250225|CB 17/02 FOURNISSEUR|0,00|1836,38|||20250301||
BQ|Banque|BQ00051|20250929|761000|Produits de participations|||BQ094343|20250929|OPERATION BANCAIRE 05/01|1680,47|0,00|||20251004||
BQ|Banque|BQ00051|20250929|491000|Depreciation des comptes clients|||BQ094343|20250929|OPERATION BANCAIRE 05/01|0,00|1680,47|||20251004||
BQ|Banque|BQ00052|20251222|530000|Caisse|||BQ121025|20251222|VIREMENT 04/01 REF 36267685|267,99|0,00|||20251227||
BQ|Banque|BQ00052|20251222|408100|Fournisseurs - Factures non parvenues|||BQ121025|20251222|VIREMENT 04/01 REF 36267685|0,00|267,99|||20251227||
BQ|Banque|BQ00053|20251230|661000|Charges d'interets|||BQ129372|20251230|CB 25/02 FOURNISSEUR|963,02|0,00|||20251231||
BQ|Banque|BQ00053|20251230|468600|Charges a payer|||BQ129372|20251230|CB 25/02 FOURNISSEUR|0,00|963,02|||20251231||
BQ|Banque|BQ00054|20251103|508000|Interets courus sur VMP|||BQ119216|20251103|VIREMENT 06/02 REF 56872487|776,66|0,00|||20251107||
BQ|Banque|BQ00054|20251103|106800|Autres reserves|||BQ119216|20251103|VIREMENT 06/02 REF 56872487|0,00|776,66|||20251107||
BQ|Banque|BQ00055|20250317|615200|Entretien et reparations sur biens immobiliers|||BQ039065|20250317|CB 04/02 FOURNISSEUR|1814,37|0,00|||20250323||
BQ|Banque|BQ00055|20250317|500000|Valeurs mobilieres de placement|||BQ039065|20250317|CB 04/02 FOURNISSEUR|0,00|1814,37|||20250323||
BQ|Banque|BQ00056|20251114|408400|Fournisseurs d'immobilisations - Factures non parvenues|||BQ119110|20251114|OPERATION BANCAIRE 05/01|912,38|0,00|||20251114||
BQ|Banque|BQ00056|20251114|762000|Produits des autres immobilisations financieres|||BQ119110|20251114|OPERATION BANCAIRE 05/01|0,00|912,38|||20251114||
BQ|Banque|BQ00057|20251218|691000|Participation des salaries aux resultats|||BQ125506|20251218|CB 04/01 FOURNISSEUR|1370,40|0,00|||20251218||
BQ|Banque|BQ00057|20251218|419100|Clients - Avances et acomptes recus|||BQ125506|20251218|CB 04/01 FOURNISSEUR|0,00|1370,40|||20251218||
BQ|Banque|BQ00058|20250226|681110|Dot. amort. sur immo. incorporelles|||BQ025426|20250226|CB 24/01 FOURNISSEUR|182,71|0,00|||20250301||
BQ|Banque|BQ00058|20250226|511000|Valeurs a l'encaissement|||BQ025426|20250226|CB 24/01 FOURNISSEUR|0,00|182,71|||20250301||
BQ|Banque|BQ00059|20251209|602260|Achats d'emballages|||BQ126992|20251209|CB 16/02 FOURNISSEUR|1040,76|0,00|||20251212||
BQ|Banque|BQ00059|20251209|514000|Cheques postaux|||BQ126992|20251209|CB 16/02 FOURNISSEUR|0,00|1040,76|||20251212||
BQ|Banque|BQ00060|20250920|602100|Achats de matieres consommables|||BQ094972|20250916|CB 07/02 FOURNISSEUR|1593,56|0,00|||20250921||
BQ|Banque|BQ00060|20250916|514000|Cheques postaux|||BQ094972|20250916|CB 07/02 FOURNISSEUR|0,00|1593,56|||20250921||
BQ|Banque|BQ00061|20250813|740000|Subventions d'exploitation|||BQ082474|20250813|OPERATION BANCAIRE 05/01|293,11|0,00|||20250818||
BQ|Banque|BQ00061|20250813|681740|Dot. provisions sur creances|||BQ082474|20250813|OPERATION BANCAIRE 05/01|0,00|293,11|||20250818||
BQ|Banque|BQ00062|20250620|403000|Fournisseurs - Effets a payer|||BQ063146|20250620|OPERATION BANCAIRE 11/02|760,55|0,00|||20250621||
BQ|Banque|BQ00062|20250620|661000|Charges d'interets|||BQ063146|20250620|OPERATION BANCAIRE 11/02|0,00|760,55|||20250621||
BQ|Banque|BQ00063|20251029|606300|Fournitures d'entretien et petit equipement|||BQ102027|20251029|CB 17/01 FOURNISSEUR|1935,75|0,00|||20251105||
BQ|Banque|BQ00063|20251029|500000|Valeurs mobilieres de placement|||BQ102027|20251029|CB 17/01 FOURNISSEUR|0,00|1935,75|||20251105||
BQ|Banque|BQ00064|20251021|615500|Entretien et reparations sur biens mobiliers|||BQ103643|20251021|CB 02/01 FOURNISSEUR|919,16|0,00|||20251028||
BQ|Banque|BQ00064|20251021|487000|Produits constates d'avance|||BQ103643|20251021|CB 02/01 FOURNISSEUR|0,00|919,16|||20251028||
BQ|Banque|BQ00065|20250423|654000|Pertes sur creances irrecouvrables|||BQ044349|20250423|CB 07/02 FOURNISSEUR|233,92|0,00|||20250429||
BQ|Banque|BQ00065|20250423|416000|Clients douteux|||BQ044349|20250423|CB 07/02 FOURNISSEUR|0,00|233,92|||20250429||
BQ|Banque|BQ00066|20250728|764000|Revenus des valeurs mobilieres de placement|||BQ073019|20250728|OPERATION BANCAIRE 12/02|553,62|0,00|||20250802||
BQ|Banque|BQ00066|20250728|645000|Charges de securite sociale et de prevoyance|||BQ073019|20250728|OPERATION BANCAIRE 12/02|0,00|553,62|||20250802||
BQ|Banque|BQ00067|20250312|671000|Charges exceptionnelles sur operations de gestion|||BQ039330|20250312|CB 25/02 FOURNISSEUR|24,00|0,00|||20250313||
BQ|Banque|BQ00067|20250312|580000|Virements internes|||BQ039330|20250312|CB 25/02 FOURNISSEUR|0,00|24,00|||20250313||
BQ|Banque|BQ00068|20250217|758000|Produits divers de gestion courante|||BQ027080|20250217|OPERATION BANCAIRE 23/01|1974,26|0,00|||20250217||
BQ|Banque|BQ00068|20250217|631000|Impots, taxes et versements assimiles sur remunerations|||BQ027080|20250217|OPERATION BANCAIRE 23/01|0,00|1974,26|||20250217||
BQ|Banque|BQ00069|20250228|615600|Maintenance|||BQ022900|20250228|CB 18/01 FOURNISSEUR|1240,64|0,00|||20250301||
BQ|Banque|BQ00069|20250228|445520|TVA due intracommunautaire|||BQ022900|20250228|CB 18/01 FOURNISSEUR|0,00|1240,64|||20250301||
BQ|Banque|BQ00070|20250610|709000|Rabais, remises et ristournes accordes|||BQ069474|20250610|OPERATION BANCAIRE 05/02|1095,14|0,00|||20250614||
BQ|Banque|BQ00070|20250610|350000|Produits finis|||BQ069474|20250610|OPERATION BANCAIRE 05/02|0,00|1095,14|||20250614||
BQ|Banque|BQ00071|20251003|401000|Fournisseurs|F00007|ASSURANCE GENERALI|BQ108216|20251003|OPERATION BANCAIRE 04/01|1467,36|0,00|E1|20251210|20251005||
BQ|Banque|BQ00071|20251003|580000|Virements internes|||BQ108216|20251003|OPERATION BANCAIRE 04/01|0,00|1467,36|||20251005||
BQ|Banque|BQ00072|20250714|771000|Produits exceptionnels sur operations de gestion|||BQ074151|20250714|OPERATION BANCAIRE 03/02|1067,07|0,00|||20250719||
BQ|Banque|BQ00072|20250714|611000|Sous-traitance generale|||BQ074151|20250714|OPERATION BANCAIRE 03/02|0,00|1067,07|||20250719||
BQ|Banque|BQ00073|20250704|771000|Produits exceptionnels sur operations de gestion|||BQ079569|20250704|OPERATION BANCAIRE 12/01|1540,67|0,00|||20250708||
BQ|Banque|BQ00073|20250704|455000|Associes - Comptes courants|||BQ079569|20250704|OPERATION BANCAIRE 12/01|0,00|1540,67|||20250708||
BQ|Banque|BQ00074|20250225|411000|Clients|C00008|CLIENT THETA|BQ022059|20250225|OPERATION BANCAIRE 17/01|550,33|0,00|||20250304||
BQ|Banque|BQ00074|20250225|675000|Valeurs comptables des elements d'actif cedes|||BQ022059|20250225|OPERATION BANCAIRE 17/01|0,00|550,33|||20250304||
BQ|Banque|BQ00075|20251006|681740|Dot. provisions sur creances|||BQ109743|20251006|CB 28/01 FOURNISSEUR|938,16|0,00|||20251007||
BQ|Banque|BQ00075|20251006|447100|Autres impots, taxes et versements assimiles|||BQ109743|20251006|CB 28/01 FOURNISSEUR|0,00|938,16|||20251007||
BQ|Banque|BQ00076|20250926|518700|Interets courus a recevoir|||BQ096138|20250926|VIREMENT 18/02 REF 25002031|584,44|0,00|||20250926||
BQ|Banque|BQ00076|20250926|622600|Honoraires|||BQ096138|20250926|VIREMENT 18/02 REF 25002031|0,00|584,44|||20250926||
BQ|Banque|BQ00077|20250912|606100|Electricite, gaz, eau|||BQ096411|20250912|CB 04/01 FOURNISSEUR|1740,33|0,00|||20250914||
BQ|Banque|BQ00077|20250912|408100|Fournisseurs - Factures non parvenues|||BQ096411|20250912|CB 04/01 FOURNISSEUR|0,00|1740,33|||20250914||
BQ|Banque|BQ00078|20250825|766000|Gains de change|||BQ087624|20250825|OPERATION BANCAIRE 07/01|606,38|0,00|||20250901||
BQ|Banque|BQ00078|20250825|762000|Produits des autres immobilisations financieres|||BQ087624|20250825|OPERATION BANCAIRE 07/01|0,00|606,38|||20250901||
BQ|Banque|BQ00079|20250128|666000|Pertes de change|||BQ016567|20250128|CB 19/01 FOURNISSEUR|1778,70|0,00|||20250203||
BQ|Banque|BQ00079|20250128|514000|Cheques postaux|||BQ016567|20250128|CB 19/01 FOURNISSEUR|0,00|1778,70|||20250203||
BQ|Banque|BQ00080|20250603|602100|Achats de matieres consommables|||BQ061475|20250603|CB 31/01 FOURNISSEUR|347,70|0,00|||20250606||
BQ|Banque|BQ00080|20250603|512100|Banque secondaire|||BQ061475|20250603|CB 31/01 FOURNISSEUR|0,00|347,70|||20250606||
BQ|Banque|BQ00081|20250919|413000|Clients - Effets a recevoir|||BQ091244|20250919|OPERATION BANCAIRE 19/01|892,48|0,00|||20250926||
BQ|Banque|BQ00081|20250919|661000|Charges d'interets|||BQ091244|20250919|OPERATION BANCAIRE 19/01|0,00|892,48|||20250926||
BQ|Banque|BQ00082|20250930|625100|Voyages et deplacements|||BQ092635|20250930|CB 14/01 FOURNISSEUR|1158,06|0,00|||20251006||
BQ|Banque|BQ00082|20250930|590000|Depreciation des valeurs mobilieres de placement|||BQ092635|20250930|CB 14/01 FOURNISSEUR|0,00|1158,06|||20251006||
BQ|Banque|BQ00083|20250313|648000|Autres charges de personnel|||BQ036748|20250313|CB 02/02 FOURNISSEUR|670,61|0,00|||20250313||
BQ|Banque|BQ00083|20250313|514000|Cheques postaux|||BQ036748|20250313|CB 02/02 FOURNISSEUR|0,00|670,61|||20250313||
BQ|Banque|BQ00084|20250324|606100|Electricite, gaz, eau|||BQ036446|20250324|CB 02/01 FOURNISSEUR|748,17|0,00|||20250325||
BQ|Banque|BQ00084|20250324|413000|Clients - Effets a recevoir|||BQ036446|20250324|CB 02/01 FOURNISSEUR|0,00|748,17|||20250325||
BQ|Banque|BQ00085|20250207|416000|Clients douteux|||BQ029674|20250207|OPERATION BANCAIRE 05/01|302,26|0,00|||20250210||
BQ|Banque|BQ00085|20250207|606300|Fournitures d'entretien et petit equipement|||BQ029674|20250207|OPERATION BANCAIRE 05/01|0,00|302,26|||20250210||
BQ|Banque|BQ00086|20250620|613200|Locations immobilieres|||BQ063256|20250620|CB 26/01 FOURNISSEUR|1200,11|0,00|||20250620||
BQ|Banque|BQ00086|20250620|518700|Interets courus a recevoir|||BQ063256|20250620|CB 26/01 FOURNISSEUR|0,00|1200,11|||20250620||
BQ|Banque|BQ00087|20251017|418100|Clients - Factures a etablir|||BQ105034|20251017|OPERATION BANCAIRE 30/01|270,15|0,00|||20251019||
BQ|Banque|BQ00087|20251017|445870|TVA sur factures a etablir|||BQ105034|20251017|OPERATION BANCAIRE 30/01|0,00|270,15|||20251019||
BQ|Banque|BQ00088|20250217|613500|Locations mobilieres|||BQ022110|20250217|CB 25/01 FOURNISSEUR|1750,00|0,00|||20250218||
BQ|Banque|BQ00088|20250217|512100|Banque secondaire|||BQ022110|20250217|CB 25/01 FOURNISSEUR|0,00|1750,00|||20250218||
BQ|Banque|BQ00089|20250805|614000|Charges locatives|||BQ083858|20250805|CB 08/02 FOURNISSEUR|1246,04|0,00|||20250807||
BQ|Banque|BQ00089|20250805|445660|TVA deductible sur ABS|||BQ083858|20250805|CB 08/02 FOURNISSEUR|0,00|1246,04|||20250807||
BQ|Banque|BQ00090|20250725|651000|Redevances pour concessions, brevets, licences, etc.|||BQ076292|20250725|CB 21/01 FOURNISSEUR|1265,87|0,00|||20250726||
BQ|Banque|BQ00090|20250725|445660|TVA deductible sur ABS|||BQ076292|20250725|CB 21/01 FOURNISSEUR|0,00|1265,87|||20250726||
BQ|Banque|BQ00091|20250815|791000|Transferts de charges d'exploitation|||BQ087701|20250815|OPERATION BANCAIRE 13/02|191,81|0,00|||20250818||
BQ|Banque|BQ00091|20250815|500000|Valeurs mobilieres de placement|||BQ087701|20250815|OPERATION BANCAIRE 13/02|0,00|191,81|||20250818||
BQ|Banque|BQ00092|20251128|614000|Charges locatives|||BQ115690|20251128|CB 08/02 FOURNISSEUR|132,64|0,00|||20251129||
BQ|Banque|BQ00092|20251128|437000|Autres organismes sociaux|||BQ115690|20251128|CB 08/02 FOURNISSEUR|0,00|132,64|||20251129||
BQ|Banque|BQ00093|20251219|606400|Fournitures administratives|||BQ127616|20251219|CB 23/02 FOURNISSEUR|1220,15|0,00|||20251222||
BQ|Banque|BQ00093|20251219|445620|TVA deductible sur immobilisations|||BQ127616|20251219|CB 23/02 FOURNISSEUR|0,00|1220,15|||20251222||
BQ|Banque|BQ00094|20250123|613500|Locations mobilieres|||BQ014008|20250123|CB 12/01 FOURNISSEUR|211,68|0,00|||20250123||
BQ|Banque|BQ00094|20250123|500000|Valeurs mobilieres de placement|||BQ014008|20250123|CB 12/01 FOURNISSEUR|0,00|211,68|||20250123||
BQ|Banque|BQ00095|20250418|530000|Caisse|||BQ044728|20250418|VIREMENT 30/01 REF 65123306|774,94|0,00|||20250420||
BQ|Banque|BQ00095|20250418|511000|Valeurs a l'encaissement|||BQ044728|20250418|VIREMENT 30/01 REF 65123306|0,00|774,94|||20250420||
BQ|Banque|BQ00096|20250328|403000|Fournisseurs - Effets a payer|||CA124589|20250328|OPERATION BANCAIRE 09/01|478,11|0,00|||20250329||
BQ|Banque|BQ00096|20250328|762000|Produits des autres immobilisations financieres|||BQ035409|20250328|OPERATION BANCAIRE 09/01|0,00|478,11|||20250329||
BQ|Banque|BQ00097|20250121|762000|Produits des autres immobilisations financieres|||BQ017963|20250121|OPERATION BANCAIRE 07/01|1829,27|0,00|||20250123||
BQ|Banque|BQ00097|20250121|633000|Impots, taxes et versements assimiles sur remunerations (autres organismes)|||BQ017963|20250121|OPERATION BANCAIRE 07/01|0,00|1829,27|||20250123||
BQ|Banque|BQ00098|20250507|635000|Autres impots, taxes et versements assimiles|||BQ051297|20250507|CB 22/02 FOURNISSEUR|1204,68|0,00|||20250511||
BQ|Banque|BQ00098|20250507|427000|Personnel - Oppositions|||BQ051297|20250507|CB 22/02 FOURNISSEUR|0,00|1204,68|||20250511||
BQ|Banque|BQ00099|20250827|611000|Sous-traitance generale|||BQ081315|20250827|CB 06/01 FOURNISSEUR|946,68|0,00|||20250830||
BQ|Banque|BQ00099|20250827|512000|Banque principale|||BQ081315|20250827|CB 06/01 FOURNISSEUR|0,00|946,68|||20250830||
BQ|Banque|BQ00100|20250320|665000|Escomptes accordes|||BQ033450|20250320|CB 11/02 FOURNISSEUR|400,63|0,00|||20250320||
BQ|Banque|BQ00100|20250320|590000|Depreciation des valeurs mobilieres de placement|||BQ033450|20250320|CB 11/02 FOURNISSEUR|0,00|400,63|||20250320||
BQ|Banque|BQ00101|20250711|625700|Receptions|||BQ077467|20250711|CB 31/01 FOURNISSEUR|786,67|0,00|||20250712||
BQ|Banque|BQ00101|20250711|518700|Interets courus a recevoir|||BQ077467|20250711|CB 31/01 FOURNISSEUR|0,00|786,67|||20250712||
BQ|Banque|BQ00102|20251121|580000|Virements internes|||BQ112496|20251121|VIREMENT 01/01 REF 87769263|907,00|0,00|||20251125||
BQ|Banque|BQ00102|20251121|164000|Emprunts aupres des etablissements de credit|||BQ112496|20251121|VIREMENT 01/01 REF 87769263|0,00|907,00|||20251125||
BQ|Banque|BQ00103|20250825|763000|Revenus des autres creances|||BQ088779|20250825|OPERATION BANCAIRE 18/01|1719,64|0,00|||20250827||
BQ|Banque|BQ00103|20250825|665000|Escomptes accordes|||BQ088779|20250825|OPERATION BANCAIRE 18/01|0,00|1719,64|||20250827||
BQ|Banque|BQ00104|20250415|411000|Clients|C00005|CLIENT EPSILON|BQ048791|20250415|OPERATION BANCAIRE 02/01|6684,18|0,00|||20250420||
BQ|Banque|BQ00104|20250415|601000|Achats de matieres premieres|||BQ048791|20250415|OPERATION BANCAIRE 02/01|0,00|6684,18|||20250420||
BQ|Banque|BQ00105|20251023|621000|Personnel exterieur a l'entreprise|||BQ109570|20251023|CB 18/01 FOURNISSEUR|343,57|0,00|||20251028||
BQ|Banque|BQ00105|20251023|508000|Interets courus sur VMP|||BQ109570|20251023|CB 18/01 FOURNISSEUR|0,00|343,57|||20251028||
BQ|Banque|BQ00106|20251211|781740|Reprises sur provisions sur creances|||BQ125702|20251211|OPERATION BANCAIRE 29/01|915,96|0,00|||20251211||
BQ|Banque|BQ00106|20251211|628100|Concours divers (cotisations...)|||BQ125702|20251211|OPERATION BANCAIRE 29/01|0,00|915,96|||20251211||
BQ|Banque|BQ00107|20250717|608500|Frais accessoires d'achat|||BQ078705|20250717|CB 10/01 FOURNISSEUR|1556,68|0,00|||20250722||
BQ|Banque|BQ00107|20250717|445520|TVA due intracommunautaire|||BQ078705|20250717|CB 10/01 FOURNISSEUR|0,00|1556,68|||20250722||
BQ|Banque|BQ00108|20250214|625100|Voyages et deplacements|||BQ025043|20250214|CB 04/02 FOURNISSEUR|865,30|0,00|||20250217||
BQ|Banque|BQ00108|20250214|511000|Valeurs a l'encaissement|||BQ025043|20250214|CB 04/02 FOURNISSEUR|0,00|865,30|||20250217||
CA|Caisse|CA00001|20250321|796000|Transferts de charges financieres|||CA033677|20250321|OPERATION DIVERSE 10/01/2025|553,50|0,00|||20250326||
CA|Caisse|CA00001|20250321|754000|Ristournes percues des cooperatives|||CA033677|20250321|OPERATION DIVERSE 10/01/2025|0,00|553,50|||20250326||
CA|Caisse|CA00002|20250328|418100|Clients - Factures a etablir|||CA034312|20250328|OPERATION DIVERSE 17/02/2025|544,26|0,00|||20250331||
CA|Caisse|CA00002|20250328|106100|Reserve legale|||CA034312|20250328|OPERATION DIVERSE 17/02/2025|0,00|544,26|||20250331||
CA|Caisse|CA00003|20251121|201000|Frais d'etablissement|||CA116807|20251121|OPERATION DIVERSE 06/02/2025|12211,07|0,00|||20251127||
CA|Caisse|CA00003|20251121|404000|Fournisseurs d'immobilisations|||CA116807|20251121|OPERATION DIVERSE 06/02/2025|0,00|12211,07|||20251127||
CA|Caisse|CA00004|20250210|580000|Virements internes|||CA026281|20250210|OPERATION DIVERSE 14/02/2025|33,95|0,00|||20250213||
CA|Caisse|CA00004|20250210|213500|Installations generales, agencements|||CA026281|20250210|OPERATION DIVERSE 14/02/2025|0,00|33,95|||20250213||
CA|Caisse|CA00005|20250704|397100|Depreciation des stocks de marchandises|||CA074312|20250704|OPERATION DIVERSE 31/01/2025|376,73|0,00|||20250704||
CA|Caisse|CA00005|20250704|720000|Production immobilisee|||CA074312|20250704|OPERATION DIVERSE 31/01/2025|0,00|376,73|||20250704||
CA|Caisse|CA00006|20250120|421000|Personnel - Remunerations dues|||CA018375|20250120|OPERATION DIVERSE 17/02/2025|128,76|0,00|||20250123||
CA|Caisse|CA00006|20250120|419100|Clients - Avances et acomptes recus|||CA018375|20250120|OPERATION DIVERSE 17/02/2025|0,00|128,76|||20250123||
CA|Caisse|CA00007|20251212|445620|TVA deductible sur immobilisations|||CA123013|20251212|OPERATION DIVERSE 14/01/2025|885,48|0,00|||20251217||
CA|Caisse|CA00007|20251212|428200|Personnel - Conges payes|||CA123013|20251212|OPERATION DIVERSE 14/01/2025|0,00|885,48|||20251217||
CA|Caisse|CA00008|20250509|607000|Achats de marchandises|||CA054698|20250509|OPERATION DIVERSE 29/01/2025|892,91|0,00|||20250513||
CA|Caisse|CA00008|20250509|409100|Fournisseurs - Avances et acomptes verses|||CA054698|20250509|OPERATION DIVERSE 29/01/2025|0,00|892,91|||20250513||
CA|Caisse|CA00009|20251112|428200|Personnel - Conges payes|||CA117950|20251112|OPERATION DIVERSE 22/01/2025|236,85|0,00|||20251112||
CA|Caisse|CA00009|20251112|321000|Matieres consommables|||CA117950|20251112|OPERATION DIVERSE 22/01/2025|0,00|236,85|||20251112||
CA|Caisse|CA00010|20250425|168800|Interets courus sur emprunts|||CA049488|20250425|OPERATION DIVERSE 07/01/2025|11,04|0,00|||20250428||
CA|Caisse|CA00010|20250425|798000|Integration fiscale - Produits|||CA049488|20250425|OPERATION DIVERSE 07/01/2025|0,00|11,04|||20250428||
CA|Caisse|CA00011|20250711|791000|Transferts de charges d'exploitation|||CA079355|20250711|OPERATION DIVERSE 18/01/2025|1333,98|0,00|||20250712||
CA|Caisse|CA00011|20250711|201000|Frais d'etablissement|||CA079355|20250711|OPERATION DIVERSE 18/01/2025|0,00|1333,98|||20250712||
CA|Caisse|CA00012|20250411|421000|Personnel - Remunerations dues|||CA043860|20250411|OPERATION DIVERSE 07/02/2025|329,02|0,00|||20250415||
CA|Caisse|CA00012|20250411|445860|TVA sur factures non parvenues|||CA043860|20250411|OPERATION DIVERSE 07/02/2025|0,00|329,02|||20250415||
CA|Caisse|CA00013|20250917|642000|Remunerations des dirigeants|||CA093005|20250917|OPERATION DIVERSE 30/01/2025|1371,78|0,00|||20250920||
CA|Caisse|CA00013|20250917|514000|Cheques postaux|||CA093005|20250917|OPERATION DIVERSE 30/01/2025|0,00|1371,78|||20250920||
CA|Caisse|CA00014|20250516|771000|Produits exceptionnels sur operations de gestion|||CA051157|20250516|OPERATION DIVERSE 22/02/2025|723,14|0,00|||20250519||
CA|Caisse|CA00014|20250516|413000|Clients - Effets a recevoir|||CA051157|20250516|OPERATION DIVERSE 22/02/2025|0,00|723,14|||20250519||
CA|Caisse|CA00015|20250728|751000|Redevances pour concessions, brevets, licences, etc.|||CA079275|20250728|OPERATION DIVERSE 15/02/2025|500,07|0,00|||20250728||
CA|Caisse|CA00015|20250728|754000|Ristournes percues des cooperatives|||CA079275|20250728|OPERATION DIVERSE 15/02/2025|0,00|500,07|||20250728||
CA|Caisse|CA00016|20250722|280500|Amort. logiciels|||CA075281|20250722|OPERATION DIVERSE 09/01/2025|15028,69|0,00|||20250726||
CA|Caisse|CA00016|20250722|404000|Fournisseurs d'immobilisations|||CA075281|20250722|OPERATION DIVERSE 09/01/2025|0,00|15028,69|||20250726||
CA|Caisse|CA00017|20250404|418100|Clients - Factures a etablir|||CA045845|20250404|OPERATION DIVERSE 11/01/2025|15,17|0,00|||20250404||
CA|Caisse|CA00017|20250404|765000|Escomptes obtenus|||CA045845|20250404|OPERATION DIVERSE 11/01/2025|0,00|15,17|||20250404||
CA|Caisse|CA00018|20250919|218400|Mobilier|||CA091894|20250919|OPERATION DIVERSE 16/01/2025|9313,26|0,00|||20250920||
CA|Caisse|CA00018|20250919|512000|Banque principale|||CA091894|20250919|OPERATION DIVERSE 16/01/2025|0,00|9313,26|||20250920||
CA|Caisse|CA00019|20250224|666000|Pertes de change|||CA025942|20250224|OPERATION DIVERSE 06/02/2025|1600,86|0,00|||20250302||
CA|Caisse|CA00019|20250224|413000|Clients - Effets a recevoir|||CA025942|20250224|OPERATION DIVERSE 06/02/2025|0,00|1600,86|||20250302||
CA|Caisse|CA00020|20250829|168800|Interets courus sur emprunts|||CA081210|20250829|OPERATION DIVERSE 16/02/2025|419,84|0,00|||20250903||
CA|Caisse|CA00020|20250829|427000|Personnel - Oppositions|||CA081210|20250829|OPERATION DIVERSE 16/02/2025|0,00|419,84|||20250903||
CA|Caisse|CA00021|20250827|321000|Matieres consommables|||CA082618|20250827|OPERATION DIVERSE 27/02/2025|664,84|0,00|||20250831||
CA|Caisse|CA00021|20250827|613200|Locations immobilieres|||CA082618|20250827|OPERATION DIVERSE 27/02/2025|0,00|664,84|||20250831||
CA|Caisse|CA00022|20250829|771000|Produits exceptionnels sur operations de gestion|||CA087785|20250829|OPERATION DIVERSE 15/02/2025|1952,46|0,00|||20250830||
CA|Caisse|CA00022|20250829|713000|Variation des stocks|||CA087785|20250829|OPERATION DIVERSE 15/02/2025|0,00|1952,46|||20250830||
CA|Caisse|CA00023|20251107|120000|Resultat de l'exercice|||CA118397|20251107|OPERATION DIVERSE 11/02/2025|298,28|0,00|||20251108||
CA|Caisse|CA00023|20251107|514000|Cheques postaux|||CA118397|20251107|OPERATION DIVERSE 11/02/2025|0,00|298,28|||20251108||
CA|Caisse|CA00024|20250131|203000|Frais de recherche et developpement|||CA019013|20250131|OPERATION DIVERSE 13/02/2025|5919,91|0,00|||20250207||
CA|Caisse|CA00024|20250131|404000|Fournisseurs d'immobilisations|||CA019013|20250131|OPERATION DIVERSE 13/02/2025|0,00|5919,91|||20250207||
CA|Caisse|CA00025|20250603|431000|Securite sociale|||CA066952|20250603|OPERATION DIVERSE 30/01/2025|874,46|0,00|||20250604||
CA|Caisse|CA00025|20250603|514000|Cheques postaux|||CA066952|20250603|OPERATION DIVERSE 30/01/2025|0,00|874,46|||20250604||
CA|Caisse|CA00026|20251223|615600|Maintenance|||CA126670|20251223|OPERATION DIVERSE 03/01/2025|1052,31|0,00|||20251228||
CA|Caisse|CA00026|20251223|455000|Associes - Comptes courants|||CA126670|20251223|OPERATION DIVERSE 03/01/2025|0,00|1052,31|||20251228||
CA|Caisse|CA00027|20250214|661000|Charges d'interets|||CA025110|20250214|OPERATION DIVERSE 14/01/2025|1355,79|0,00|||20250216||
CA|Caisse|CA00027|20250214|416000|Clients douteux|||CA025110|20250214|OPERATION DIVERSE 14/01/2025|0,00|1355,79|||20250216||
CA|Caisse|CA00028|20250804|215400|Materiel industriel|||CA086635|20250804|OPERATION DIVERSE 31/01/2025|3902,93|0,00|||20250809||
CA|Caisse|CA00028|20250804|512000|Banque principale|||CA086635|20250804|OPERATION DIVERSE 31/01/2025|0,00|3902,93|||20250809||
CA|Caisse|CA00029|20251024|205000|Logiciels|||CA103299|20251024|OPERATION DIVERSE 03/01/2025|1819,19|0,00|||20251027||
CA|Caisse|CA00029|20251024|512000|Banque principale|||CA103299|20251024|OPERATION DIVERSE 03/01/2025|0,00|1819,19|||20251027||
CA|Caisse|CA00030|20250516|771000|Produits exceptionnels sur operations de gestion|||CA051150|20250516|OPERATION DIVERSE 06/01/2025|805,10|0,00|||20250519||
CA|Caisse|CA00030|20250516|761000|Produits de participations|||CA051150|20250516|OPERATION DIVERSE 06/01/2025|0,00|805,10|||20250519||
CA|Caisse|CA00031|20250924|427000|Personnel - Oppositions|||CA095075|20250924|OPERATION DIVERSE 12/01/2025|429,82|0,00|||20250930||
CA|Caisse|CA00031|20250924|698000|Integration fiscale - Charges|||CA095075|20250924|OPERATION DIVERSE 12/01/2025|0,00|429,82|||20250930||
CA|Caisse|CA00032|20250704|651000|Redevances pour concessions, brevets, licences, etc.|||CA074526|20250704|OPERATION DIVERSE 23/01/2025|1915,65|0,00|||20250708||
CA|Caisse|CA00032|20250704|514000|Cheques postaux|||CA074526|20250704|OPERATION DIVERSE 23/01/2025|0,00|1915,65|||20250708||
CA|Caisse|CA00033|20250306|625600|Missions|||CA037420|20250306|OPERATION DIVERSE 14/02/2025|657,99|0,00|||20250309||
CA|Caisse|CA00033|20250306|451000|Groupe|||CA037420|20250306|OPERATION DIVERSE 14/02/2025|0,00|657,99|||20250309||
CA|Caisse|CA00034|20250206|281820|Amort. materiel de transport|||CA026943|20250206|OPERATION DIVERSE 09/01/2025|13957,36|0,00|||20250209||
CA|Caisse|CA00034|20250206|512000|Banque principale|||CA026943|20250206|OPERATION DIVERSE 09/01/2025|0,00|13957,36|||20250209||
CA|Caisse|CA00035|20250926|765000|Escomptes obtenus|||CA094367|20250926|OPERATION DIVERSE 23/02/2025|1588,00|0,00|||20250929||
CA|Caisse|CA00035|20250926|213500|Installations generales, agencements|||CA094367|20250926|OPERATION DIVERSE 23/02/2025|0,00|1588,00|||20250929||
CA|Caisse|CA00036|20251010|751000|Redevances pour concessions, brevets, licences, etc.|||CA109912|20251010|OPERATION DIVERSE 25/01/2025|1124,44|0,00|||20251014||
CA|Caisse|CA00036|20251010|709000|Rabais, remises et ristournes accordes|||CA109912|20251010|OPERATION DIVERSE 25/01/2025|0,00|1124,44|||20251014||
CA|Caisse|CA00037|20250919|781500|Reprises sur provisions pour risques et charges d'exploitation|||CA098418|20250919|OPERATION DIVERSE 10/01/2025|727,24|0,00|||20250924||
CA|Caisse|CA00037|20250919|201000|Frais d'etablissement|||CA098418|20250919|OPERATION DIVERSE 10/01/2025|0,00|727,24|||20250924||
CA|Caisse|CA00038|20250408|444000|Etat - Impots sur les benefices|||CA049418|20250408|OPERATION DIVERSE 22/02/2025|737,51|0,00|||20250410||
CA|Caisse|CA00038|20250408|281810|Amort. installations generales|||CA049418|20250408|OPERATION DIVERSE 22/02/2025|0,00|737,51|||20250410||
CA|Caisse|CA00039|20250228|416000|Clients douteux|||CA024663|20250228|OPERATION DIVERSE 06/02/2025|914,56|0,00|||20250305||
CA|Caisse|CA00039|20250228|281840|Amort. mobilier|||CA024663|20250228|OPERATION DIVERSE 06/02/2025|0,00|914,56|||20250305||
CA|Caisse|CA00040|20250509|611000|Sous-traitance generale|||CA057900|20250509|OPERATION DIVERSE 18/01/2025|895,47|0,00|||20250513||
CA|Caisse|CA00040|20250509|445870|TVA sur factures a etablir|||CA057900|20250509|OPERATION DIVERSE 18/01/2025|0,00|895,47|||20250513||
CA|Caisse|CA00041|20251224|608500|Frais accessoires d'achat|||CA124850|20251224|OPERATION DIVERSE 14/01/2025|191,13|0,00|||20251228||
CA|Caisse|CA00041|20251224|445620|TVA deductible sur immobilisations|||CA124850|20251224|OPERATION DIVERSE 14/01/2025|0,00|191,13|||20251228||
CA|Caisse|CA00042|20250526|518700|Interets courus a recevoir|||CA058238|20250526|OPERATION DIVERSE 21/01/2025|636,42|0,00|||20250530||
CA|Caisse|CA00042|20250526|709000|Rabais, remises et ristournes accordes|||CA058238|20250526|OPERATION DIVERSE 21/01/2025|0,00|636,42|||20250530||
CA|Caisse|CA00043|20250319|687000|Dot. amort. et provisions exceptionnels|||CA031781|20250319|OPERATION DIVERSE 07/01/2025|1575,91|0,00|||20250326||
CA|Caisse|CA00043|20250319|512000|Banque principale|||CA031781|20250319|OPERATION DIVERSE 07/01/2025|0,00|1575,91|||20250326||
CA|Caisse|CA00044|20250709|419100|Clients - Avances et acomptes recus|||CA072984|20250709|OPERATION DIVERSE 16/01/2025|113,41|0,00|||20250712||
CA|Caisse|CA00044|20250709|311000|Matieres premieres|||CA072984|20250709|OPERATION DIVERSE 16/01/2025|0,00|113,41|||20250712||
CA|Caisse|CA00045|20250915|512100|Banque secondaire|||CA095556|20250915|OPERATION DIVERSE 02/02/2025|298,23|0,00|||20250921||
CA|Caisse|CA00045|20250915|618100|Documentation generale|||CA095556|20250915|OPERATION DIVERSE 02/02/2025|0,00|298,23|||20250921||
CA|Caisse|CA00046|20250103|623400|Cadeaux a la clientele|||CA015766|20250103|OPERATION DIVERSE 12/01/2025|338,94|0,00|||20250108||
CA|Caisse|CA00046|20250103|438200|Charges sociales sur conges a payer|||CA015766|20250103|OPERATION DIVERSE 12/01/2025|0,00|338,94|||20250108||
CA|Caisse|CA00047|20250227|404000|Fournisseurs d'immobilisations|||CA022686|20250227|OPERATION DIVERSE 31/01/2025|345,93|0,00|||20250303||
CA|Caisse|CA00047|20250227|615200|Entretien et reparations sur biens immobiliers|||CA022686|20250227|OPERATION DIVERSE 31/01/2025|0,00|345,93|||20250303||
CA|Caisse|CA00048|20250612|106800|Autres reserves|||CA064342|20250612|OPERATION DIVERSE 10/01/2025|640,60|0,00|||20250619||
CA|Caisse|CA00048|20250612|709000|Rabais, remises et ristournes accordes|||CA064342|20250612|OPERATION DIVERSE 10/01/2025|0,00|640,60|||20250619||
CA|Caisse|CA00049|20250925|631000|Impots, taxes et versements assimiles sur remunerations|||CA096485|20250925|OPERATION DIVERSE 22/02/2025|1766,55|0,00|||20251001||
CA|Caisse|CA00049|20250925|451000|Groupe|||CA096485|20250925|OPERATION DIVERSE 22/02/2025|0,00|1766,55|||20251001||
CA|Caisse|CA00050|20250127|606300|Fournitures d'entretien et petit equipement|||CA016779|20250127|OPERATION DIVERSE 10/01/2025|1412,90|0,00|||20250127||
CA|Caisse|CA00050|20250127|468600|Charges a payer|||CA016779|20250127|OPERATION DIVERSE 10/01/2025|0,00|1412,90|||20250127||
CA|Caisse|CA00051|20250314|691000|Participation des salaries aux resultats|||CA036119|20250314|OPERATION DIVERSE 17/02/2025|968,29|0,00|||20250317||
CA|Caisse|CA00051|20250314|418100|Clients - Factures a etablir|||CA036119|20250314|OPERATION DIVERSE 17/02/2025|0,00|968,29|||20250317||
CA|Caisse|CA00052|20250207|781740|Reprises sur provisions sur creances|||CA027078|20250207|OPERATION DIVERSE 03/01/2025|1528,33|0,00|||20250212||
CA|Caisse|CA00052|20250207|203000|Frais de recherche et developpement|||CA027078|20250207|OPERATION DIVERSE 03/01/2025|0,00|1528,33|||20250212||
CA|Caisse|CA00053|20250506|281350|Amort. installations generales|||CA055250|20250506|OPERATION DIVERSE 21/01/2025|11234,40|0,00|||20250511||
CA|Caisse|CA00053|20250506|512000|Banque principale|||CA055250|20250506|OPERATION DIVERSE 21/01/2025|0,00|11234,40|||20250511||
CA|Caisse|CA00054|20250214|771000|Produits exceptionnels sur operations de gestion|||CA022420|20250214|OPERATION DIVERSE 09/02/2025|1192,75|0,00|||20250215||
CA|Caisse|CA00054|20250214|642000|Remunerations des dirigeants|||CA022420|20250214|OPERATION DIVERSE 09/02/2025|0,00|1192,75|||20250215||
CA|Caisse|CA00055|20250910|791000|Transferts de charges d'exploitation|||CA094378|20250910|OPERATION DIVERSE 25/01/2025|893,15|0,00|||20250911||
CA|Caisse|CA00055|20250910|425000|Personnel - Avances et acomptes|||CA094378|20250910|OPERATION DIVERSE 25/01/2025|0,00|893,15|||20250911||
CA|Caisse|CA00056|20250718|645000|Charges de securite sociale et de prevoyance|||CA078285|20250718|OPERATION DIVERSE 10/01/2025|208,23|0,00|||20250718||
CA|Caisse|CA00056|20250718|580000|Virements internes|||CA078285|20250718|OPERATION DIVERSE 10/01/2025|0,00|208,23|||20250718||
CA|Caisse|CA00057|20250103|512000|Banque principale|||CA016494|20250103|OPERATION DIVERSE 03/02/2025|4137,77|0,00|||20250103||
CA|Caisse|CA00057|20250103|281540|Amort. materiel industriel|||CA016494|20250103|OPERATION DIVERSE 03/02/2025|0,00|4137,77|||20250103||
CA|Caisse|CA00058|20250307|445860|TVA sur factures non parvenues|||CA036915|20250307|OPERATION DIVERSE 06/01/2025|93,93|0,00|||20250314||
CA|Caisse|CA00058|20250307|621000|Personnel exterieur a l'entreprise|||CA036915|20250307|OPERATION DIVERSE 06/01/2025|0,00|93,93|||20250314||
CA|Caisse|CA00059|20250110|611000|Sous-traitance generale|||CA018297|20250110|OPERATION DIVERSE 14/01/2025|471,81|0,00|||20250112||
CA|Caisse|CA00059|20250110|514000|Cheques postaux|||CA018297|20250110|OPERATION DIVERSE 14/01/2025|0,00|471,81|||20250112||
CA|Caisse|CA00060|20250404|615200|Entretien et reparations sur biens immobiliers|||CA043781|20250404|OPERATION DIVERSE 21/01/2025|1691,40|0,00|||20250405||
CA|Caisse|CA00060|20250404|512100|Banque secondaire|||CA043781|20250404|OPERATION DIVERSE 21/01/2025|0,00|1691,40|||20250405||
CA|Caisse|CA00061|20251110|762000|Produits des autres immobilisations financieres|||CA114945|20251110|OPERATION DIVERSE 07/01/2025|1993,41|0,00|||20251111||
CA|Caisse|CA00061|20251110|625700|Receptions|||CA114945|20251110|OPERATION DIVERSE 07/01/2025|0,00|1993,41|||20251111||
CA|Caisse|CA00062|20251007|707000|Ventes de marchandises|||CA105702|20251007|OPERATION DIVERSE 16/01/2025|1521,82|0,00|||20251013||
CA|Caisse|CA00062|20251007|445670|TVA collectee|||CA105702|20251007|OPERATION DIVERSE 16/01/2025|0,00|1521,82|||20251013||
CA|Caisse|CA00063|20251114|207000|Fonds commercial|||CA117780|20251114|OPERATION DIVERSE 04/01/2025|14739,58|0,00|||20251114||
CA|Caisse|CA00063|20251114|512000|Banque principale|||CA117780|20251114|OPERATION DIVERSE 04/01/2025|0,00|14739,58|||20251114||
CA|Caisse|CA00064|20251117|695000|Impots sur les benefices|||CA117045|20251117|OPERATION DIVERSE 17/01/2025|715,13|0,00|||20251120||
CA|Caisse|CA00064|20251117|487000|Produits constates d'avance|||CA117045|20251117|OPERATION DIVERSE 17/01/2025|0,00|715,13|||20251120||
CA|Caisse|CA00065|20250106|530000|Caisse|||CA015728|20250106|OPERATION DIVERSE 26/02/2025|268,95|0,00|||20250110||
CA|Caisse|CA00065|20250106|687000|Dot. amort. et provisions exceptionnels|||CA015728|20250106|OPERATION DIVERSE 26/02/2025|0,00|268,95|||20250110||
CA|Caisse|CA00066|20251217|623100|Annonces et insertions|||CA127740|20251217|OPERATION DIVERSE 27/01/2025|316,28|0,00|||20251217||
CA|Caisse|CA00066|20251217|411000|Clients|C00008|CLIENT THETA|CA127740|20251217|OPERATION DIVERSE 27/01/2025|0,00|316,28|||20251217||
CA|Caisse|CA00067|20250127|611000|Sous-traitance generale|||CA019616|20250127|OPERATION DIVERSE 18/01/2025|1662,94|0,00|||20250201||
CA|Caisse|CA00067|20250127|518100|Interets courus a payer|||CA019616|20250127|OPERATION DIVERSE 18/01/2025|0,00|1662,94|||20250201||
CA|Caisse|CA00068|20251205|168800|Interets courus sur emprunts|||CA124251|20251205|OPERATION DIVERSE 28/01/2025|296,00|0,00|||20251211||
CA|Caisse|CA00068|20251205|631000|Impots, taxes et versements assimiles sur remunerations|||CA124251|20251205|OPERATION DIVERSE 28/01/2025|0,00|296,00|||20251211||
CA|Caisse|CA00069|20250919|218100|Installations generales, agencements divers|||CA091340|20250919|OPERATION DIVERSE 07/01/2025|5325,01|0,00|||20250924||
CA|Caisse|CA00069|20250919|512000|Banque principale|||CA091340|20250919|OPERATION DIVERSE 07/01/2025|0,00|5325,01|||20250924||
CA|Caisse|CA00070|20251215|370000|Marchandises|||CA127898|20251215|OPERATION DIVERSE 24/01/2025|355,13|0,00|||20251221||
CA|Caisse|CA00070|20251215|602260|Achats d'emballages|||CA127898|20251215|OPERATION DIVERSE 24/01/2025|0,00|355,13|||20251221||
CA|Caisse|CA00071|20251212|431000|Securite sociale|||CA124589|20251212|OPERATION DIVERSE 05/01/2025|654,08|0,00|||20251214||
CA|Caisse|CA00071|20251212|602260|Achats d'emballages|||CA124589|20251212|OPERATION DIVERSE 05/01/2025|0,00|654,08|||20251214||
CA|Caisse|CA00072|20251212|777000|Quote-part des subventions d'investissement viree au resultat|||CA122342|20251212|OPERATION DIVERSE 05/01/2025|376,56|0,00|||20251214||
CA|Caisse|CA00072|20251212|625100|Voyages et deplacements|||CA122342|20251212|OPERATION DIVERSE 05/01/2025|0,00|376,56|||20251214||
CA|Caisse|CA00073|20250822|445860|TVA sur factures non parvenues|||CA088700|20250822|OPERATION DIVERSE 19/02/2025|760,11|0,00|||20250825||
CA|Caisse|CA00073|20250822|213100|Constructions - Batiments|||CA088700|20250822|OPERATION DIVERSE 19/02/2025|0,00|760,11|||20250825||
CA|Caisse|CA00074|20250725|681110|Dot. amort. sur immo. incorporelles|||CA074316|20250725|OPERATION DIVERSE 01/01/2025|688,52|0,00|||20250731||
CA|Caisse|CA00074|20250725|413000|Clients - Effets a recevoir|||CA074316|20250725|OPERATION DIVERSE 01/01/2025|0,00|688,52|||20250731||
CA|Caisse|CA00075|20250314|628100|Concours divers (cotisations...)|||CA036698|20250314|OPERATION DIVERSE 29/01/2025|1619,02|0,00|||20250317||
CA|Caisse|CA00075|20250314|411000|Clients|C00003|CLIENT GAMMA|CA036698|20250314|OPERATION DIVERSE 29/01/2025|0,00|1619,02|||20250317||
CA|Caisse|CA00076|20250630|796000|Transferts de charges financieres|||CA067480|20250630|OPERATION DIVERSE 13/02/2025|1280,00|0,00|||20250705||
CA|Caisse|CA00076|20250630|411000|Clients|C00009|CLIENT IOTA|CA067480|20250630|OPERATION DIVERSE 13/02/2025|0,00|1280,00|||20250705||
CA|Caisse|CA00077|20250930|218100|Installations generales, agencements divers|||CA094017|20250930|OPERATION DIVERSE 04/01/2025|11078,24|0,00|||20250930||
CA|Caisse|CA00077|20250930|512100|Banque secondaire|||CA094017|20250930|OPERATION DIVERSE 04/01/2025|0,00|11078,24|||20250930||
OD|Operations diverses|OD00001|20250115|764000|Revenus des valeurs mobilieres de placement|||OD018086|20250115|ECRITURE DE REGULARISATION 02/2025|403,34|0,00|||20250118||
OD|Operations diverses|OD00001|20250115|627000|Services bancaires et assimiles|||OD018086|20250115|ECRITURE DE REGULARISATION 02/2025|0,00|403,34|||20250118||
OD|Operations diverses|OD00002|20250611|615500|Entretien et reparations sur biens mobiliers|||OD064073|20250611|ECRITURE DE REGULARISATION 02/2025|186,95|0,00|||20250616||
OD|Operations diverses|OD00002|20250611|409100|Fournisseurs - Avances et acomptes verses|||OD064073|20250611|ECRITURE DE REGULARISATION 02/2025|0,00|186,95|||20250616||
OD|Operations diverses|OD00003|20251117|508000|Interets courus sur VMP|||OD114168|20251117|ECRITURE DE REGULARISATION 01/2025|953,41|0,00|||20251120||
OD|Operations diverses|OD00003|20251117|468600|Charges a payer|||OD114168|20251117|ECRITURE DE REGULARISATION 01/2025|0,00|953,41|||20251120||
OD|Operations diverses|OD00004|20251128|706000|Prestations de services|||OD117184|20251128|ECRITURE DE REGULARISATION 02/2025|1781,51|0,00|||20251128||
OD|Operations diverses|OD00004|20251128|754000|Ristournes percues des cooperatives|||OD117184|20251128|ECRITURE DE REGULARISATION 02/2025|0,00|1781,51|||20251128||
OD|Operations diverses|OD00005|20250115|441000|Etat - Impot sur les benefices|||OD013434|20250115|ECRITURE DE REGULARISATION 01/2025|520,50|0,00|||20250122||
OD|Operations diverses|OD00005|20250115|713000|Variation des stocks|||OD013434|20250115|ECRITURE DE REGULARISATION 01/2025|0,00|520,50|||20250122||
OD|Operations diverses|OD00006|20250117|445660|TVA deductible sur ABS|||OD018441|20250117|ECRITURE DE REGULARISATION 02/2025|907,21|0,00|||20250123||
OD|Operations diverses|OD00006|20250117|645000|Charges de securite sociale et de prevoyance|||OD018441|20250117|ECRITURE DE REGULARISATION 02/2025|0,00|907,21|||20250123||
OD|Operations diverses|OD00007|20251226|765000|Escomptes obtenus|||OD127155|20251226|ECRITURE DE REGULARISATION 02/2025|347,64|0,00|||20251229||
OD|Operations diverses|OD00007|20251226|512000|Banque principale|||OD127155|20251226|ECRITURE DE REGULARISATION 02/2025|0,00|347,64|||20251229||
OD|Operations diverses|OD00008|20250825|213500|Installations generales, agencements|||OD084819|20250825|ECRITURE DE REGULARISATION 01/2025|14589,22|0,00|||20250827||
OD|Operations diverses|OD00008|20250825|512000|Banque principale|||OD084819|20250825|ECRITURE DE REGULARISATION 01/2025|0,00|14589,22|||20250827||
OD|Operations diverses|OD00009|20250916|720000|Production immobilisee|||OD096956|20250916|ECRITURE DE REGULARISATION 01/2025|1213,75|0,00|||20250916||
OD|Operations diverses|OD00009|20250916|686500|Dot. provisions pour risques et charges financiers|||OD096956|20250916|ECRITURE DE REGULARISATION 01/2025|0,00|1213,75|||20250916||
OD|Operations diverses|OD00010|20251219|355000|Produits finis (groupe)|||OD127288|20251219|ECRITURE DE REGULARISATION 01/2025|130,59|0,00|||20251220||
OD|Operations diverses|OD00010|20251219|665000|Escomptes accordes|||OD127288|20251219|ECRITURE DE REGULARISATION 01/2025|0,00|130,59|||20251220||
OD|Operations diverses|OD00011|20251003|695000|Impots sur les benefices|||OD107327|20251003|ECRITURE DE REGULARISATION 02/2025|415,68|0,00|||20251004||
OD|Operations diverses|OD00011|20251003|517000|Autres organismes financiers|||OD107327|20251003|ECRITURE DE REGULARISATION 02/2025|0,00|415,68|||20251004||
OD|Operations diverses|OD00012|20251117|311000|Matieres premieres|||OD119767|20251117|ECRITURE DE REGULARISATION 02/2025|324,32|0,00|||20251118||
OD|Operations diverses|OD00012|20251117|444000|Etat - Impots sur les benefices|||OD119767|20251117|ECRITURE DE REGULARISATION 02/2025|0,00|324,32|||20251118||
OD|Operations diverses|OD00013|20250205|213500|Installations generales, agencements|||OD023779|20250205|ECRITURE DE REGULARISATION 01/2025|1856,53|0,00|||20250205||
OD|Operations diverses|OD00013|20250205|512100|Banque secondaire|||OD023779|20250205|ECRITURE DE REGULARISATION 01/2025|0,00|1856,53|||20250205||
OD|Operations diverses|OD00014|20250626|614000|Charges locatives|||OD066688|20250626|ECRITURE DE REGULARISATION 02/2025|1127,87|0,00|||20250703||
OD|Operations diverses|OD00014|20250626|409100|Fournisseurs - Avances et acomptes verses|||OD066688|20250626|ECRITURE DE REGULARISATION 02/2025|0,00|1127,87|||20250703||
OD|Operations diverses|OD00015|20251002|500000|Valeurs mobilieres de placement|||OD104169|20251002|ECRITURE DE REGULARISATION 01/2025|852,98|0,00|||20251005||
OD|Operations diverses|OD00015|20251002|397100|Depreciation des stocks de marchandises|||OD104169|20251002|ECRITURE DE REGULARISATION 01/2025|0,00|852,98|||20251005||
OD|Operations diverses|OD00016|20250327|311000|Matieres premieres|||OD039425|20250327|ECRITURE DE REGULARISATION 01/2025|509,89|0,00|||20250328||
OD|Operations diverses|OD00016|20250327|762000|Produits des autres immobilisations financieres|||OD039425|20250327|ECRITURE DE REGULARISATION 01/2025|0,00|509,89|||20250328||
OD|Operations diverses|OD00017|20250606|720000|Production immobilisee|||OD066766|20250606|ECRITURE DE REGULARISATION 01/2025|1120,60|0,00|||20250606||
OD|Operations diverses|OD00017|20250606|613200|Locations immobilieres|||OD066766|20250606|ECRITURE DE REGULARISATION 01/2025|0,00|1120,60|||20250606||
OD|Operations diverses|OD00018|20250114|441000|Etat - Impot sur les benefices|||OD014874|20250114|ECRITURE DE REGULARISATION 02/2025|47,91|0,00|||20250120||
OD|Operations diverses|OD00018|20250114|766000|Gains de change|||OD014874|20250114|ECRITURE DE REGULARISATION 02/2025|0,00|47,91|||20250120||
OD|Operations diverses|OD00019|20250207|618500|Frais de colloques, seminaires, conferences|||OD023393|20250207|ECRITURE DE REGULARISATION 01/2025|379,37|0,00|||20250209||
OD|Operations diverses|OD00019|20250207|445620|TVA deductible sur immobilisations|||OD023393|20250207|ECRITURE DE REGULARISATION 01/2025|0,00|379,37|||20250209||
OD|Operations diverses|OD00020|20250522|517000|Autres organismes financiers|||OD054147|20250522|ECRITURE DE REGULARISATION 01/2025|181,29|0,00|||20250525||
OD|Operations diverses|OD00020|20250522|767000|Produits nets sur cessions de valeurs mobilieres de placement|||OD054147|20250522|ECRITURE DE REGULARISATION 01/2025|0,00|181,29|||20250525||
OD|Operations diverses|OD00021|20250627|622600|Honoraires|||AC105077|20250627|ECRITURE DE REGULARISATION 01/2025|1223,57|0,00|||20250628||
OD|Operations diverses|OD00021|20250627|530000|Caisse|||OD069816|20250627|ECRITURE DE REGULARISATION 01/2025|0,00|1223,57|||20250628||
OD|Operations diverses|OD00022|20250903|791000|Transferts de charges d'exploitation|||OD098601|20250903|ECRITURE DE REGULARISATION 01/2025|1425,75|0,00|||20250903||
OD|Operations diverses|OD00022|20250903|781500|Reprises sur provisions pour risques et charges d'exploitation|||OD098601|20250903|ECRITURE DE REGULARISATION 01/2025|0,00|1425,75|||20250903||
OD|Operations diverses|OD00023|20251021|164000|Emprunts aupres des etablissements de credit|||OD106782|20251021|ECRITURE DE REGULARISATION 02/2025|753,31|0,00|||20251021||
OD|Operations diverses|OD00023|20251021|468600|Charges a payer|||OD106782|20251021|ECRITURE DE REGULARISATION 02/2025|0,00|753,31|||20251021||
OD|Operations diverses|OD00024|20250328|445870|TVA sur factures a etablir|||OD033964|20250328|ECRITURE DE REGULARISATION 02/2025|100,50|0,00|||20250329||
OD|Operations diverses|OD00024|20250328|213500|Installations generales, agencements|||OD033964|20250328|ECRITURE DE REGULARISATION 02/2025|0,00|100,50|||20250329||
OD|Operations diverses|OD00025|20251111|280500|Amort. logiciels|||OD115455|20251111|ECRITURE DE REGULARISATION 01/2025|2165,77|0,00|||20251117||
OD|Operations diverses|OD00025|20251111|512000|Banque principale|||OD115455|20251111|ECRITURE DE REGULARISATION 01/2025|0,00|2165,77|||20251117||
OD|Operations diverses|OD00026|20251027|615600|Maintenance|||OD107523|20251027|ECRITURE DE REGULARISATION 01/2025|431,29|0,00|||20251101||
OD|Operations diverses|OD00026|20251027|486000|Charges constatees d'avance|||OD107523|20251027|ECRITURE DE REGULARISATION 01/2025|0,00|431,29|||20251101||
OD|Operations diverses|OD00027|20250924|611000|Sous-traitance generale|||OD092706|20250924|ECRITURE DE REGULARISATION 01/2025|1276,13|0,00|||20250924||
OD|Operations diverses|OD00027|20250924|500000|Valeurs mobilieres de placement|||OD092706|20250924|ECRITURE DE REGULARISATION 01/2025|0,00|1276,13|||20250924||
OD|Operations diverses|OD00028|20250605|618100|Documentation generale|||OD069051|20250605|ECRITURE DE REGULARISATION 02/2025|1753,29|0,00|||20250612||
OD|Operations diverses|OD00028|20250605|419100|Clients - Avances et acomptes recus|||OD069051|20250605|ECRITURE DE REGULARISATION 02/2025|0,00|1753,29|||20250612||
OD|Operations diverses|OD00029|20250402|654000|Pertes sur creances irrecouvrables|||OD049301|20250402|ECRITURE DE REGULARISATION 01/2025|1056,76|0,00|||20250402||
OD|Operations diverses|OD00029|20250402|403000|Fournisseurs - Effets a payer|||OD049301|20250402|ECRITURE DE REGULARISATION 01/2025|0,00|1056,76|||20250402||
OD|Operations diverses|OD00030|20251230|763000|Revenus des autres creances|||OD128323|20251230|ECRITURE DE REGULARISATION 02/2025|1806,98|0,00|||20251231||
OD|Operations diverses|OD00030|20251230|355000|Produits finis (groupe)|||OD128323|20251230|ECRITURE DE REGULARISATION 02/2025|0,00|1806,98|||20251231||
OD|Operations diverses|OD00031|20250318|106100|Reserve legale|||OD037676|20250318|ECRITURE DE REGULARISATION 01/2025|716,89|0,00|||20250318||
OD|Operations diverses|OD00031|20250318|602200|Achats de fournitures consommables|||OD037676|20250318|ECRITURE DE REGULARISATION 01/2025|0,00|716,89|||20250318||
OD|Operations diverses|OD00032|20250211|675000|Valeurs comptables des elements d'actif cedes|||OD029948|20250211|ECRITURE DE REGULARISATION 01/2025|1480,03|0,00|||20250211||
OD|Operations diverses|OD00032|20250211|512000|Banque principale|||OD029948|20250211|ECRITURE DE REGULARISATION 01/2025|0,00|1480,03|||20250211||
OD|Operations diverses|OD00033|20250108|626000|Frais postaux et de telecommunications|||OD019344|20250108|ECRITURE DE REGULARISATION 01/2025|1066,29|0,00|||20250114||
OD|Operations diverses|OD00033|20250108|500000|Valeurs mobilieres de placement|||OD019344|20250108|ECRITURE DE REGULARISATION 01/2025|0,00|1066,29|||20250114||
OD|Operations diverses|OD00034|20251203|781500|Reprises sur provisions pour risques et charges d'exploitation|||OD129466|20251203|ECRITURE DE REGULARISATION 02/2025|728,75|0,00|||20251210||
OD|Operations diverses|OD00034|20251203|681740|Dot. provisions sur creances|||OD129466|20251203|ECRITURE DE REGULARISATION 02/2025|0,00|728,75|||20251210||
OD|Operations diverses|OD00035|20250321|623400|Cadeaux a la clientele|||OD037032|20250321|ECRITURE DE REGULARISATION 02/2025|1307,86|0,00|||20250323||
OD|Operations diverses|OD00035|20250321|418100|Clients - Factures a etablir|||OD037032|20250321|ECRITURE DE REGULARISATION 02/2025|0,00|1307,86|||20250323||
OD|Operations diverses|OD00036|20250526|590000|Depreciation des valeurs mobilieres de placement|||OD054782|20250526|ECRITURE DE REGULARISATION 01/2025|835,98|0,00|||20250601||
OD|Operations diverses|OD00036|20250526|786500|Reprises sur provisions pour risques et charges financiers|||OD054782|20250526|ECRITURE DE REGULARISATION 01/2025|0,00|835,98|||20250601||
OD|Operations diverses|OD00037|20250128|701000|Ventes de produits finis|||OD017753|20250128|ECRITURE DE REGULARISATION 02/2025|945,62|0,00|||20250128||
OD|Operations diverses|OD00037|20250128|791000|Transferts de charges d'exploitation|||OD017753|20250128|ECRITURE DE REGULARISATION 02/2025|0,00|945,62|||20250128||
OD|Operations diverses|OD00038|20251219|602100|Achats de matieres consommables|||OD123993|20251219|ECRITURE DE REGULARISATION 02/2025|759,00|0,00|||20251222||
OD|Operations diverses|OD00038|20251219|455000|Associes - Comptes courants|||OD123993|20251219|ECRITURE DE REGULARISATION 02/2025|0,00|759,00|||20251222||
OD|Operations diverses|OD00039|20251110|518100|Interets courus a payer|||OD113785|20251110|ECRITURE DE REGULARISATION 01/2025|332,13|0,00|||20251114||
OD|Operations diverses|OD00039|20251110|631000|Impots, taxes et versements assimiles sur remunerations|||OD113785|20251110|ECRITURE DE REGULARISATION 01/2025|0,00|332,13|||20251114||
OD|Operations diverses|OD00040|20251219|766000|Gains de change|||OD123068|20251219|ECRITURE DE REGULARISATION 01/2025|79,78|0,00|||20251219||
OD|Operations diverses|OD00040|20251219|627000|Services bancaires et assimiles|||OD123068|20251219|ECRITURE DE REGULARISATION 01/2025|0,00|79,78|||20251219||
OD|Operations diverses|OD00041|20250218|625700|Receptions|||OD027937|20250218|ECRITURE DE REGULARISATION 02/2025|611,65|0,00|||20250218||
OD|Operations diverses|OD00041|20250218|518700|Interets courus a recevoir|||OD027937|20250218|ECRITURE DE REGULARISATION 02/2025|0,00|611,65|||20250218||
OD|Operations diverses|OD00042|20250314|701000|Ventes de produits finis|||OD032490|20250314|ECRITURE DE REGULARISATION 02/2025|801,57|0,00|||20250321||
OD|Operations diverses|OD00042|20250314|409100|Fournisseurs - Avances et acomptes verses|||OD032490|20250314|ECRITURE DE REGULARISATION 02/2025|0,00|801,57|||20250321||
OD|Operations diverses|OD00043|20250515|511000|Valeurs a l'encaissement|||OD055312|20250515|ECRITURE DE REGULARISATION 02/2025|661,46|0,00|||20250516||
OD|Operations diverses|OD00043|20250515|665000|Escomptes accordes|||OD055312|20250515|ECRITURE DE REGULARISATION 02/2025|0,00|661,46|||20250516||
OD|Operations diverses|OD00044|20250502|758000|Produits divers de gestion courante|||OD059387|20250502|ECRITURE DE REGULARISATION 01/2025|257,97|0,00|||20250502||
OD|Operations diverses|OD00044|20250502|311000|Matieres premieres|||OD059387|20250502|ECRITURE DE REGULARISATION 01/2025|0,00|257,97|||20250502||
OD|Operations diverses|OD00045|20250725|627000|Services bancaires et assimiles|||OD071524|20250725|ECRITURE DE REGULARISATION 01/2025|1984,41|0,00|||20250730||
OD|Operations diverses|OD00045|20250725|411000|Clients|C00002|CLIENT BETA|OD071524|20250725|ECRITURE DE REGULARISATION 01/2025|0,00|1984,41|||20250730||
OD|Operations diverses|OD00046|20250829|695000|Impots sur les benefices|||OD087091|20250829|ECRITURE DE REGULARISATION 01/2025|1368,95|0,00|||20250829||
OD|Operations diverses|OD00046|20250829|431000|Securite sociale|||OD087091|20250829|ECRITURE DE REGULARISATION 01/2025|0,00|1368,95|||20250829||
OD|Operations diverses|OD00047|20250917|796000|Transferts de charges financieres|||OD096380|20250917|ECRITURE DE REGULARISATION 02/2025|1900,71|0,00|||20250920||
OD|Operations diverses|OD00047|20250917|626000|Frais postaux et de telecommunications|||OD096380|20250917|ECRITURE DE REGULARISATION 02/2025|0,00|1900,71|||20250920||
OD|Operations diverses|OD00048|20250925|512100|Banque secondaire|||OD095643|20250925|ECRITURE DE REGULARISATION 01/2025|610,12|0,00|||20250925||
OD|Operations diverses|OD00048|20250925|626000|Frais postaux et de telecommunications|||OD095643|20250925|ECRITURE DE REGULARISATION 01/2025|0,00|610,12|||20250925||
OD|Operations diverses|OD00049|20251015|281350|Amort. installations generales|||OD109975|20251015|ECRITURE DE REGULARISATION 01/2025|16885,68|0,00|||20251021||
OD|Operations diverses|OD00049|20251015|512100|Banque secondaire|||OD109975|20251015|ECRITURE DE REGULARISATION 01/2025|0,00|16885,68|||20251021||
OD|Operations diverses|OD00050|20250221|701000|Ventes de produits finis|||OD022087|20250221|ECRITURE DE REGULARISATION 01/2025|472,38|0,00|||20250226||
OD|Operations diverses|OD00050|20250221|681500|Dot. provisions pour risques et charges d'exploitation|||OD022087|20250221|ECRITURE DE REGULARISATION 01/2025|0,00|472,38|||20250226||
OD|Operations diverses|OD00051|20251007|791000|Transferts de charges d'exploitation|||OD101621|20251007|ECRITURE DE REGULARISATION 01/2025|166,40|0,00|||20251009||
OD|Operations diverses|OD00051|20251007|514000|Cheques postaux|||OD101621|20251007|ECRITURE DE REGULARISATION 01/2025|0,00|166,40|||20251009||
OD|Operations diverses|OD00052|20251226|606100|Electricite, gaz, eau|||OD128652|20251226|ECRITURE DE REGULARISATION 01/2025|86,24|0,00|||20251226||
OD|Operations diverses|OD00052|20251226|445670|TVA collectee|||OD128652|20251226|ECRITURE DE REGULARISATION 01/2025|0,00|86,24|||20251226||
OD|Operations diverses|OD00053|20251226|765000|Escomptes obtenus|||OD128264|20251226|ECRITURE DE REGULARISATION 02/2025|1245,76|0,00|||20251226||
OD|Operations diverses|OD00053|20251226|761000|Produits de participations|||OD128264|20251226|ECRITURE DE REGULARISATION 02/2025|0,00|1245,76|||20251226||
OD|Operations diverses|OD00054|20250124|631000|Impots, taxes et versements assimiles sur remunerations|||OD012181|20250124|ECRITURE DE REGULARISATION 02/2025|873,95|0,00|||20250129||
OD|Operations diverses|OD00054|20250124|500000|Valeurs mobilieres de placement|||OD012181|20250124|ECRITURE DE REGULARISATION 02/2025|0,00|873,95|||20250129||
OD|Operations diverses|OD00055|20250314|665000|Escomptes accordes|||OD034499|20250314|ECRITURE DE REGULARISATION 01/2025|1503,55|0,00|||20250319||
OD|Operations diverses|OD00055|20250314|445660|TVA deductible sur ABS|||OD034499|20250314|ECRITURE DE REGULARISATION 01/2025|0,00|1503,55|||20250319||
OD|Operations diverses|OD00056|20251231|471000|Compte d'attente|||OD127550|20251231|ECRITURE DE REGULARISATION 01/2025|108,46|0,00|||20251231||
OD|Operations diverses|OD00056|20260103|631000|Impots, taxes et versements assimiles sur remunerations|||OD127550|20251231|ECRITURE DE REGULARISATION 01/2025|0,00|108,46|||20251231||
OD|Operations diverses|OD00057|20250804|613500|Locations mobilieres|||OD085318|20250804|ECRITURE DE REGULARISATION 01/2025|772,66|0,00|||20250811||
OD|Operations diverses|OD00057|20250804|518100|Interets courus a payer|||OD085318|20250804|ECRITURE DE REGULARISATION 01/2025|0,00|772,66|||20250811||
OD|Operations diverses|OD00058|20250424|611000|Sous-traitance generale|||OD043256|20250424|ECRITURE DE REGULARISATION 01/2025|489,42|0,00|||20250430||
OD|Operations diverses|OD00058|20250424|468600|Charges a payer|||OD043256|20250424|ECRITURE DE REGULARISATION 01/2025|0,00|489,42|||20250430||
OD|Operations diverses|OD00059|20251031|641000|Remunerations du personnel|||OD106970|20251031|ECRITURE DE REGULARISATION 01/2025|1712,70|0,00|||20251102||
OD|Operations diverses|OD00059|20251031|445620|TVA deductible sur immobilisations|||OD106970|20251031|ECRITURE DE REGULARISATION 01/2025|0,00|1712,70|||20251102||
OD|Operations diverses|OD00060|20250331|437000|Autres organismes sociaux|||OD033031|20250331|ECRITURE DE REGULARISATION 01/2025|439,85|0,00|||20250331||
OD|Operations diverses|OD00060|20250331|512100|Banque secondaire|||OD033031|20250331|ECRITURE DE REGULARISATION 01/2025|0,00|439,85|||20250331||
OD|Operations diverses|OD00061|20251203|311000|Matieres premieres|||OD128906|20251203|ECRITURE DE REGULARISATION 01/2025|624,71|0,00|||20251208||
OD|Operations diverses|OD00061|20251203|203000|Frais de recherche et developpement|||OD128906|20251203|ECRITURE DE REGULARISATION 01/2025|0,00|624,71|||20251208||
OD|Operations diverses|OD00062|20250620|218400|Mobilier|||OD069922|20250620|ECRITURE DE REGULARISATION 02/2025|16768,78|0,00|||20250625||
OD|Operations diverses|OD00062|20250620|404000|Fournisseurs d'immobilisations|||OD069922|20250620|ECRITURE DE REGULARISATION 02/2025|0,00|16768,78|||20250625||
OD|Operations diverses|OD00063|20250415|106800|Autres reserves|||OD041154|20250415|ECRITURE DE REGULARISATION 01/2025|869,03|0,00|||20250420||
OD|Operations diverses|OD00063|20250415|511000|Valeurs a l'encaissement|||OD041154|20250415|ECRITURE DE REGULARISATION 01/2025|0,00|869,03|||20250420||
OD|Operations diverses|OD00064|20250418|445870|TVA sur factures a etablir|||OD042949|20250418|ECRITURE DE REGULARISATION 02/2025|246,28|0,00|||20250421||
OD|Operations diverses|OD00064|20250418|613500|Locations mobilieres|||OD042949|20250418|ECRITURE DE REGULARISATION 02/2025|0,00|246,28|||20250421||
OD|Operations diverses|OD00065|20250902|664000|Pertes sur cessions de valeurs mobilieres de placement|||OD094448|20250902|ECRITURE DE REGULARISATION 02/2025|780,00|0,00|||20250909||
OD|Operations diverses|OD00065|20250902|413000|Clients - Effets a recevoir|||OD094448|20250902|ECRITURE DE REGULARISATION 02/2025|0,00|780,00|||20250909||
OD|Operations diverses|OD00066|20250624|651000|Redevances pour concessions, brevets, licences, etc.|||OD061648|20250624|ECRITURE DE REGULARISATION 01/2025|644,10|0,00|||20250627||
OD|Operations diverses|OD00066|20250624|508000|Interets courus sur VMP|||OD061648|20250624|ECRITURE DE REGULARISATION 01/2025|0,00|644,10|||20250627||
OD|Operations diverses|OD00067|20250812|311000|Matieres premieres|||OD084593|20250812|ECRITURE DE REGULARISATION 01/2025|825,52|0,00|||20250819||
OD|Operations diverses|OD00067|20250812|280500|Amort. logiciels|||OD084593|20250812|ECRITURE DE REGULARISATION 01/2025|0,00|825,52|||20250819||
OD|Operations diverses|OD00068|20250418|280500|Amort. logiciels|||OD042559|20250418|ECRITURE DE REGULARISATION 01/2025|4642,12|0,00|||20250423||
OD|Operations diverses|OD00068|20250418|404000|Fournisseurs d'immobilisations|||OD042559|20250418|ECRITURE DE REGULARISATION 01/2025|0,00|4642,12|||20250423||
OD|Operations diverses|OD00069|20250530|754000|Ristournes percues des cooperatives|||OD059448|20250530|ECRITURE DE REGULARISATION 01/2025|1055,71|0,00|||20250531||
OD|Operations diverses|OD00069|20250530|441000|Etat - Impot sur les benefices|||OD059448|20250530|ECRITURE DE REGULARISATION 01/2025|0,00|1055,71|||20250531||
OD|Operations diverses|OD00070|20250207|613200|Locations immobilieres|||OD026943|20250207|ECRITURE DE REGULARISATION 02/2025|480,60|0,00|||20250209||
OD|Operations diverses|OD00070|20250207|445870|TVA sur factures a etablir|||OD026943|20250207|ECRITURE DE REGULARISATION 02/2025|0,00|480,60|||20250209||
OD|Operations diverses|OD00071|20250520|444000|Etat - Impots sur les benefices|||OD055105|20250520|ECRITURE DE REGULARISATION 01/2025|143,16|0,00|||20250522||
OD|Operations diverses|OD00071|20250520|707000|Ventes de marchandises|||OD055105|20250520|ECRITURE DE REGULARISATION 01/2025|0,00|143,16|||20250522||
OD|Operations diverses|OD00072|20250222|445660|TVA deductible sur ABS|||OD025601|20250221|ECRITURE DE REGULARISATION 02/2025|18,00|0,00|||20250226||
OD|Operations diverses|OD00072|20250221|775000|Produits des cessions d'elements d'actif|||OD025601|20250221|ECRITURE DE REGULARISATION 02/2025|0,00|18,00|||20250226||
OD|Operations diverses|OD00073|20251114|681500|Dot. provisions pour risques et charges d'exploitation|||OD118043|20251114|ECRITURE DE REGULARISATION 02/2025|1838,46|0,00|||20251117||
OD|Operations diverses|OD00073|20251114|444000|Etat - Impots sur les benefices|||OD118043|20251114|ECRITURE DE REGULARISATION 02/2025|0,00|1838,46|||20251117||
OD|Operations diverses|OD00074|20250418|602200|Achats de fournitures consommables|||OD047078|20250418|ECRITURE DE REGULARISATION 02/2025|319,08|0,00|||20250423||
OD|Operations diverses|OD00074|20250418|512000|Banque principale|||OD047078|20250418|ECRITURE DE REGULARISATION 02/2025|0,00|319,08|||20250423||
OD|Operations diverses|OD00075|20250324|613500|Locations mobilieres|||OD031248|20250324|ECRITURE DE REGULARISATION 01/2025|595,33|0,00|||20250325||
OD|Operations diverses|OD00075|20250324|437000|Autres organismes sociaux|||OD031248|20250324|ECRITURE DE REGULARISATION 01/2025|0,00|595,33|||20250325||
OD|Operations diverses|OD00076|20251125|281810|Amort. installations generales|||OD117192|20251125|ECRITURE DE REGULARISATION 01/2025|11305,19|0,00|||20251129||
OD|Operations diverses|OD00076|20251125|512000|Banque principale|||OD117192|20251125|ECRITURE DE REGULARISATION 01/2025|0,00|11305,19|||20251129||
OD|Operations diverses|OD00077|20250716|666000|Pertes de change|||OD071178|20250716|ECRITURE DE REGULARISATION 01/2025|619,17|0,00|||20250721||
OD|Operations diverses|OD00077|20250716|445620|TVA deductible sur immobilisations|||OD071178|20250716|ECRITURE DE REGULARISATION 01/2025|0,00|619,17|||20250721||
OD|Operations diverses|OD00078|20250815|695000|Impots sur les benefices|||OD088017|20250815|ECRITURE DE REGULARISATION 02/2025|667,44|0,00|||20250819||
OD|Operations diverses|OD00078|20250815|438200|Charges sociales sur conges a payer|||OD088017|20250815|ECRITURE DE REGULARISATION 02/2025|0,00|667,44|||20250819||
OD|Operations diverses|OD00079|20250731|201000|Frais d'etablissement|||OD079702|20250731|ECRITURE DE REGULARISATION 01/2025|13639,45|0,00|||20250801||
OD|Operations diverses|OD00079|20250731|512000|Banque principale|||OD079702|20250731|ECRITURE DE REGULARISATION 01/2025|0,00|13639,45|||20250801||
OD|Operations diverses|OD00080|20250418|642000|Remunerations des dirigeants|||OD049919|20250418|ECRITURE DE REGULARISATION 01/2025|1137,32|0,00|||20250424||
OD|Operations diverses|OD00080|20250418|444000|Etat - Impots sur les benefices|||OD049919|20250418|ECRITURE DE REGULARISATION 01/2025|0,00|1137,32|||20250424||
OD|Operations diverses|OD00081|20250926|763000|Revenus des autres creances|||OD094335|20250926|ECRITURE DE REGULARISATION 01/2025|532,50|0,00|||20251001||
OD|Operations diverses|OD00081|20250926|205000|Logiciels|||OD094335|20250926|ECRITURE DE REGULARISATION 01/2025|0,00|532,50|||20251001||
OD|Operations diverses|OD00082|20250813|441000|Etat - Impot sur les benefices|||OD083129|20250813|ECRITURE DE REGULARISATION 01/2025|895,04|0,00|||20250814||
OD|Operations diverses|OD00082|20250813|350000|Produits finis|||OD083129|20250813|ECRITURE DE REGULARISATION 01/2025|0,00|895,04|||20250814||
OD|Operations diverses|OD00083|20250110|641000|Remunerations du personnel|||OD018028|20250110|ECRITURE DE REGULARISATION 02/2025|713,49|0,00|||20250111||
OD|Operations diverses|OD00083|20250110|408100|Fournisseurs - Factures non parvenues|||OD018028|20250110|ECRITURE DE REGULARISATION 02/2025|0,00|713,49|||20250111||
OD|Operations diverses|OD00084|20251211|441000|Etat - Impot sur les benefices|||OD123392|20251211|ECRITURE DE REGULARISATION 02/2025|279,18|0,00|||20251215||
OD|Operations diverses|OD00084|20251211|444000|Etat - Impots sur les benefices|||OD123392|20251211|ECRITURE DE REGULARISATION 02/2025|0,00|279,18|||20251215||
OD|Operations diverses|OD00085|20250730|491000|Depreciation des comptes clients|||OD077460|20250730|ECRITURE DE REGULARISATION 02/2025|384,48|0,00|||20250803||
OD|Operations diverses|OD00085|20250730|280500|Amort. logiciels|||OD077460|20250730|ECRITURE DE REGULARISATION 02/2025|0,00|384,48|||20250803||
OD|Operations diverses|OD00086|20250116|445860|TVA sur factures non parvenues|||OD014811|20250116|ECRITURE DE REGULARISATION 02/2025|873,54|0,00|||20250117||
OD|Operations diverses|OD00086|20250116|615500|Entretien et reparations sur biens mobiliers|||OD014811|20250116|ECRITURE DE REGULARISATION 02/2025|0,00|873,54|||20250117||
OD|Operations diverses|OD00087|20250318|321000|Matieres consommables|||OD031057|20250318|ECRITURE DE REGULARISATION 02/2025|165,55|0,00|||20250319||
OD|Operations diverses|OD00087|20250318|767000|Produits nets sur cessions de valeurs mobilieres de placement|||OD031057|20250318|ECRITURE DE REGULARISATION 02/2025|0,00|165,55|||20250319||
OD|Operations diverses|OD00088|20250305|215400|Materiel industriel|||OD032058|20250305|ECRITURE DE REGULARISATION 01/2025|11735,25|0,00|||20250306||
OD|Operations diverses|OD00088|20250305|512000|Banque principale|||OD032058|20250305|ECRITURE DE REGULARISATION 01/2025|0,00|11735,25|||20250306||
OD|Operations diverses|OD00089|20250609|623100|Annonces et insertions|||OD067185|20250609|ECRITURE DE REGULARISATION 01/2025|1551,75|0,00|||20250616||
OD|Operations diverses|OD00089|20250609|514000|Cheques postaux|||OD067185|20250609|ECRITURE DE REGULARISATION 01/2025|0,00|1551,75|||20250616||
OD|Operations diverses|OD00090|20251224|511000|Valeurs a l'encaissement|||OD124153|20251224|ECRITURE DE REGULARISATION 02/2025|105,27|0,00|||20251224||
OD|Operations diverses|OD00090|20251224|508000|Interets courus sur VMP|||OD124153|20251224|ECRITURE DE REGULARISATION 02/2025|0,00|105,27|||20251224||
OD|Operations diverses|OD00091|20250912|681110|Dot. amort. sur immo. incorporelles|||OD096641|20250912|ECRITURE DE REGULARISATION 02/2025|283,42|0,00|||20250912||
OD|Operations diverses|OD00091|20250912|445870|TVA sur factures a etablir|||OD096641|20250912|ECRITURE DE REGULARISATION 02/2025|0,00|283,42|||20250912||
OD|Operations diverses|OD00092|20251017|658000|Charges diverses de gestion courante|||OD104090|20251017|ECRITURE DE REGULARISATION 01/2025|1300,71|0,00|||20251024||
OD|Operations diverses|OD00092|20251017|508000|Interets courus sur VMP|||OD104090|20251017|ECRITURE DE REGULARISATION 01/2025|0,00|1300,71|||20251024||
OD|Operations diverses|OD00093|20250502|602260|Achats d'emballages|||OD056055|20250502|ECRITURE DE REGULARISATION 02/2025|1160,84|0,00|||20250509||
OD|Operations diverses|OD00093|20250502|438200|Charges sociales sur conges a payer|||OD056055|20250502|ECRITURE DE REGULARISATION 02/2025|0,00|1160,84|||20250509||
OD|Operations diverses|OD00094|20250805|508000|Interets courus sur VMP|||OD088683|20250805|ECRITURE DE REGULARISATION 02/2025|52,90|0,00|||20250805||
OD|Operations diverses|OD00094|20250805|168800|Interets courus sur emprunts|||OD088683|20250805|ECRITURE DE REGULARISATION 02/2025|0,00|52,90|||20250805||
OD|Operations diverses|OD00095|20251016|205000|Logiciels|||OD109827|20251016|ECRITURE DE REGULARISATION 01/2025|9660,77|0,00|||20251020||
OD|Operations diverses|OD00095|20251016|512000|Banque principale|||OD109827|20251016|ECRITURE DE REGULARISATION 01/2025|0,00|9660,77|||20251020||
OD|Operations diverses|OD00096|20251029|642000|Remunerations des dirigeants|||OD103571|20251029|ECRITURE DE REGULARISATION 01/2025|1410,25|0,00|||20251104||
OD|Operations diverses|OD00096|20251029|428200|Personnel - Conges payes|||OD103571|20251029|ECRITURE DE REGULARISATION 01/2025|0,00|1410,25|||20251104||
OD|Operations diverses|OD00097|20251002|616000|Primes d'assurance|||OD107656|20251002|ECRITURE DE REGULARISATION 01/2025|1218,79|0,00|||20251006||
OD|Operations diverses|OD00097|20251002|491000|Depreciation des comptes clients|||OD107656|20251002|ECRITURE DE REGULARISATION 01/2025|0,00|1218,79|||20251006||
OD|Operations diverses|OD00098|20250226|706000|Prestations de services|||OD027008|20250226|ECRITURE DE REGULARISATION 01/2025|1557,73|0,00|||20250303||
OD|Operations diverses|OD00098|20250226|612000|Redevances de credit-bail|||OD027008|20250226|ECRITURE DE REGULARISATION 01/2025|0,00|1557,73|||20250303||
OD|Operations diverses|OD00099|20251231|500000|Valeurs mobilieres de placement|||OD128846|20251231|ECRITURE DE REGULARISATION 01/2025|397,56|0,00|||20251231||
OD|Operations diverses|OD00099|20251231|601000|Achats de matieres premieres|||OD128846|20251231|ECRITURE DE REGULARISATION 01/2025|0,00|397,56|||20251231||
OD|Operations diverses|OD00100|20250620|428200|Personnel - Conges payes|||OD061596|20250620|ECRITURE DE REGULARISATION 02/2025|242,89|0,00|||20250627||
OD|Operations diverses|OD00100|20250620|671000|Charges exceptionnelles sur operations de gestion|||OD061596|20250620|ECRITURE DE REGULARISATION 02/2025|0,00|242,89|||20250627||
OD|Operations diverses|OD00101|20250425|441000|Etat - Impot sur les benefices|||OD049433|20250425|ECRITURE DE REGULARISATION 02/2025|759,26|0,00|||20250501||
OD|Operations diverses|OD00101|20250425|445670|TVA collectee|||OD049433|20250425|ECRITURE DE REGULARISATION 02/2025|0,00|759,26|||20250501||
OD|Operations diverses|OD00102|20250711|444000|Etat - Impots sur les benefices|||OD072412|20250711|ECRITURE DE REGULARISATION 01/2025|129,00|0,00|||20250718||
OD|Operations diverses|OD00102|20250711|675000|Valeurs comptables des elements d'actif cedes|||OD072412|20250711|ECRITURE DE REGULARISATION 01/2025|0,00|129,00|||20250718||
OD|Operations diverses|OD00103|20250515|487000|Produits constates d'avance|||OD051654|20250515|ECRITURE DE REGULARISATION 02/2025|19,20|0,00|||20250517||
OD|Operations diverses|OD00103|20250515|602200|Achats de fournitures consommables|||OD051654|20250515|ECRITURE DE REGULARISATION 02/2025|0,00|19,20|||20250517||
OD|Operations diverses|OD00104|20251007|151000|Provisions pour risques|||OD104960|20251007|ECRITURE DE REGULARISATION 02/2025|247,24|0,00|||20251010||
OD|Operations diverses|OD00104|20251007|740000|Subventions d'exploitation|||OD104960|20251007|ECRITURE DE REGULARISATION 02/2025|0,00|247,24|||20251010||
OD|Operations diverses|OD00105|20250729|651000|Redevances pour concessions, brevets, licences, etc.|||OD075363|20250729|ECRITURE DE REGULARISATION 02/2025|263,82|0,00|||20250801||
OD|Operations diverses|OD00105|20250729|401000|Fournisseurs|F00005|BUREAU VERITAS|OD075363|20250729|ECRITURE DE REGULARISATION 02/2025|0,00|263,82|||20250801||
OD|Operations diverses|OD00106|20250722|606100|Electricite, gaz, eau|||OD076316|20250722|ECRITURE DE REGULARISATION 02/2025|1628,60|0,00|||20250725||
OD|Operations diverses|OD00106|20250722|401000|Fournisseurs|F00001|DALKIA FRANCE|OD076316|20250722|ECRITURE DE REGULARISATION 02/2025|0,00|1628,60|||20250725||
OD|Operations diverses|OD00107|20250627|625600|Missions|||OD063241|20250627|ECRITURE DE REGULARISATION 02/2025|1281,80|0,00|||20250629||
OD|Operations diverses|OD00107|20250627|409100|Fournisseurs - Avances et acomptes verses|||OD063241|20250627|ECRITURE DE REGULARISATION 02/2025|0,00|1281,80|||20250629||
OD|Operations diverses|OD00108|20250822|661000|Charges d'interets|||OD086552|20250822|ECRITURE DE REGULARISATION 02/2025|360,85|0,00|||20250829||
OD|Operations diverses|OD00108|20250822|445510|TVA a decaisser|||OD086552|20250822|ECRITURE DE REGULARISATION 02/2025|0,00|360,85|||20250829||
OD|Operations diverses|OD00109|20251120|623400|Cadeaux a la clientele|||OD117700|20251120|ECRITURE DE REGULARISATION 01/2025|1365,70|0,00|||20251123||
OD|Operations diverses|OD00109|20251120|512000|Banque principale|||OD117700|20251120|ECRITURE DE REGULARISATION 01/2025|0,00|1365,70|||20251123||
OD|Operations diverses|OD00110|20250609|213100|Constructions - Batiments|||OD064910|20250609|ECRITURE DE REGULARISATION 02/2025|5509,63|0,00|||20250609||
OD|Operations diverses|OD00110|20250609|512100|Banque secondaire|||OD064910|20250609|ECRITURE DE REGULARISATION 02/2025|0,00|5509,63|||20250609||
VE|Ventes|VE00001|20250711|707000|Ventes de marchandises|||VE072542|20250711|FACT CLIENT CLIENT BETA 521790|176,02|0,00|||20250717||
VE|Ventes|VE00001|20250711|131800|Autres subventions d'investissement|||VE072542|20250711|FACT CLIENT CLIENT BETA 521790|0,00|176,02|||20250717||
VE|Ventes|VE00002|20250822|413000|Clients - Effets a recevoir|||VE088516|20250822|FACT CLIENT CLIENT DELTA 56357|104,99|0,00|||20250828||
VE|Ventes|VE00002|20250822|695000|Impots sur les benefices|||VE088516|20250822|FACT CLIENT CLIENT DELTA 56357|0,00|104,99|||20250828||
VE|Ventes|VE00003|20251107|418100|Clients - Factures a etablir|||VE118577|20251107|FACT CLIENT CLIENT DELTA 932683|459,29|0,00|||20251112||
VE|Ventes|VE00003|20251107|798000|Integration fiscale - Produits|||VE118577|20251107|FACT CLIENT CLIENT DELTA 932683|0,00|459,29|||20251112||
VE|Ventes|VE00004|20250110|419100|Clients - Avances et acomptes recus|||VE016143|20250110|FACT CLIENT CLIENT BETA 282989|383,48|0,00|||20250112||
VE|Ventes|VE00004|20250110|445710|TVA collectee a payer|||VE016143|20250110|FACT CLIENT CLIENT BETA 282989|0,00|383,48|||20250112||
VE|Ventes|VE00005|20251224|416000|Clients douteux|||VE124913|20251224|FACT CLIENT CLIENT GAMMA 304971|608,02|0,00|||20251228||
VE|Ventes|VE00005|20251224|355000|Produits finis (groupe)|||VE124913|20251224|FACT CLIENT CLIENT GAMMA 304971|0,00|608,02|||20251228||
VE|Ventes|VE00006|20250328|419100|Clients - Avances et acomptes recus|||VE039138|20250328|FACT CLIENT CLIENT EPSILON 491717|301,77|0,00|||20250331||
VE|Ventes|VE00006|20250328|658000|Charges diverses de gestion courante|||VE039138|20250328|FACT CLIENT CLIENT EPSILON 491717|0,00|301,77|||20250331||
VE|Ventes|VE00007|20250227|709000|Rabais, remises et ristournes accordes|||VE025696|20250227|FACT CLIENT CLIENT EPSILON 746091|778,51|0,00|||20250303||
VE|Ventes|VE00007|20250227|613200|Locations immobilieres|||VE025696|20250227|FACT CLIENT CLIENT EPSILON 746091|0,00|778,51|||20250303||
VE|Ventes|VE00008|20250912|418100|Clients - Factures a etablir|||VE092982|20250912|FACT CLIENT CLIENT DELTA 709889|141,54|0,00|||20250916||
VE|Ventes|VE00008|20250912|623100|Annonces et insertions|||VE092982|20250912|FACT CLIENT CLIENT DELTA 709889|0,00|141,54|||20250916||
VE|Ventes|VE00009|20250127|708500|Ports et frais accessoires factures|||VE014565|20250127|FACT CLIENT CLIENT EPSILON 192190|629,61|0,00|||20250203||
VE|Ventes|VE00009|20250127|231000|Immobilisations corporelles en cours|||VE014565|20250127|FACT CLIENT CLIENT EPSILON 192190|0,00|629,61|||20250203||
VE|Ventes|VE00010|20250919|701000|Ventes de produits finis|||VE099070|20250919|FACT CLIENT CLIENT GAMMA 10570|1113,77|0,00|||20250922||
VE|Ventes|VE00010|20250919|763000|Revenus des autres creances|||VE099070|20250919|FACT CLIENT CLIENT GAMMA 10570|0,00|1113,77|||20250922||
VE|Ventes|VE00011|20250415|707000|Ventes de marchandises|||VE043632|20250415|FACT CLIENT CLIENT DELTA 475089|326,97|0,00|||20250418||
VE|Ventes|VE00011|20250415|215400|Materiel industriel|||VE043632|20250415|FACT CLIENT CLIENT DELTA 475089|0,00|326,97|||20250418||
VE|Ventes|VE00012|20251029|707000|Ventes de marchandises|||VE101028|20251029|FACT CLIENT CLIENT BETA 141534|1182,47|0,00|||20251029||
VE|Ventes|VE00012|20251029|797000|Transferts de charges exceptionnelles|||VE101028|20251029|FACT CLIENT CLIENT BETA 141534|0,00|1182,47|||20251029||
VE|Ventes|VE00013|20250616|708500|Ports et frais accessoires factures|||VE064669|20250616|FACT CLIENT CLIENT GAMMA 85152|432,94|0,00|||20250621||
VE|Ventes|VE00013|20250616|120000|Resultat de l'exercice|||VE064669|20250616|FACT CLIENT CLIENT GAMMA 85152|0,00|432,94|||20250621||
VE|Ventes|VE00014|20251009|419100|Clients - Avances et acomptes recus|||VE105447|20251009|FACT CLIENT CLIENT DELTA 928796|914,00|0,00|||20251010||
VE|Ventes|VE00014|20251009|203000|Frais de recherche et developpement|||VE105447|20251009|FACT CLIENT CLIENT DELTA 928796|0,00|914,00|||20251010||
VE|Ventes|VE00015|20250120|413000|Clients - Effets a recevoir|||VE015353|20250120|FACT CLIENT CLIENT ALPHA 332578|10,04|0,00|||20250125||
VE|Ventes|VE00015|20250120|281350|Amort. installations generales|||VE015353|20250120|FACT CLIENT CLIENT ALPHA 332578|0,00|10,04|||20250125||
VE|Ventes|VE00016|20251124|419100|Clients - Avances et acomptes recus|||VE116286|20251124|FACT CLIENT CLIENT BETA 382654|749,28|0,00|||20251201||
VE|Ventes|VE00016|20251124|698000|Integration fiscale - Charges|||VE116286|20251124|FACT CLIENT CLIENT BETA 382654|0,00|749,28|||20251201||
VE|Ventes|VE00017|20251021|707000|Ventes de marchandises|||VE108216|20251021|FACT CLIENT CLIENT ALPHA 426244|1779,29|0,00|||20251024||
VE|Ventes|VE00017|20251021|401000|Fournisseurs|F00007|ASSURANCE GENERALI|VE108216|20251021|FACT CLIENT CLIENT ALPHA 426244|0,00|1779,29|||20251024||
VE|Ventes|VE00018|20250602|709000|Rabais, remises et ristournes accordes|||VE063824|20250602|FACT CLIENT CLIENT ALPHA 790087|1505,44|0,00|||20250606||
VE|Ventes|VE00018|20250602|658000|Charges diverses de gestion courante|||VE063824|20250602|FACT CLIENT CLIENT ALPHA 790087|0,00|1505,44|||20250606||
VE|Ventes|VE00019|20250502|416000|Clients douteux|||VE053371|20250502|FACT CLIENT CLIENT GAMMA 964077|84,49|0,00|||20250506||
VE|Ventes|VE00019|20250502|447100|Autres impots, taxes et versements assimiles|||VE053371|20250502|FACT CLIENT CLIENT GAMMA 964077|0,00|84,49|||20250506||
VE|Ventes|VE00020|20250813|411000|Clients|C00006|CLIENT ZETA|VE085918|20250813|FACT CLIENT CLIENT GAMMA 667651|4213,04|0,00|||20250817||
VE|Ventes|VE00020|20250813|512100|Banque secondaire|||VE085918|20250813|FACT CLIENT CLIENT GAMMA 667651|0,00|4213,04|||20250817||
VE|Ventes|VE00021|20250521|418100|Clients - Factures a etablir|||VE051454|20250521|FACT CLIENT CLIENT BETA 348343|376,80|0,00|||20250526||
VE|Ventes|VE00021|20250521|613200|Locations immobilieres|||VE051454|20250521|FACT CLIENT CLIENT BETA 348343|0,00|376,80|||20250526||
VE|Ventes|VE00022|20251024|708500|Ports et frais accessoires factures|||VE109745|20251024|FACT CLIENT CLIENT GAMMA 155955|1198,73|0,00|||20251031||
VE|Ventes|VE00022|20251024|628100|Concours divers (cotisations...)|||VE109745|20251024|FACT CLIENT CLIENT GAMMA 155955|0,00|1198,73|||20251031||
VE|Ventes|VE00023|20250605|418100|Clients - Factures a etablir|||VE065319|20250605|FACT CLIENT CLIENT GAMMA 70231|811,09|0,00|||20250608||
VE|Ventes|VE00023|20250605|280500|Amort. logiciels|||VE065319|20250605|FACT CLIENT CLIENT GAMMA 70231|0,00|811,09|||20250608||
VE|Ventes|VE00024|20250103|701000|Ventes de produits finis|||VE014808|20250103|FACT CLIENT CLIENT GAMMA 662024|1633,67|0,00|||20250110||
VE|Ventes|VE00024|20250103|642000|Remunerations des dirigeants|||VE014808|20250103|FACT CLIENT CLIENT GAMMA 662024|0,00|1633,67|||20250110||
VE|Ventes|VE00025|20250718|708500|Ports et frais accessoires factures|||VE073614|20250718|FACT CLIENT CLIENT BETA 157491|924,26|0,00|||20250718||
VE|Ventes|VE00025|20250718|218100|Installations generales, agencements divers|||VE073614|20250718|FACT CLIENT CLIENT BETA 157491|0,00|924,26|||20250718||
VE|Ventes|VE00026|20250423|701000|Ventes de produits finis|||VE043601|20250423|FACT CLIENT CLIENT ALPHA 86054|771,32|0,00|||20250423||
VE|Ventes|VE00026|20250423|281350|Amort. installations generales|||VE043601|20250423|FACT CLIENT CLIENT ALPHA 86054|0,00|771,32|||20250423||
VE|Ventes|VE00027|20250611|706000|Prestations de services|||VE062854|20250611|FACT CLIENT CLIENT EPSILON 732662|1861,36|0,00|||20250613||
VE|Ventes|VE00027|20250611|754000|Ristournes percues des cooperatives|||VE062854|20250611|FACT CLIENT CLIENT EPSILON 732662|0,00|1861,36|||20250613||
VE|Ventes|VE00028|20250519|706000|Prestations de services|||VE054088|20250519|FACT CLIENT CLIENT ALPHA 431386|1420,15|0,00|||20250524||
VE|Ventes|VE00028|20250519|664000|Pertes sur cessions de valeurs mobilieres de placement|||VE054088|20250519|FACT CLIENT CLIENT ALPHA 431386|0,00|1420,15|||20250524||
VE|Ventes|VE00029|20250124|707000|Ventes de marchandises|||VE019714|20250124|FACT CLIENT CLIENT GAMMA 70502|894,21|0,00|||20250124||
VE|Ventes|VE00029|20250124|590000|Depreciation des valeurs mobilieres de placement|||VE019714|20250124|FACT CLIENT CLIENT GAMMA 70502|0,00|894,21|||20250124||
VE|Ventes|VE00030|20250115|413000|Clients - Effets a recevoir|||VE016904|20250115|FACT CLIENT CLIENT DELTA 281908|602,70|0,00|||20250119||
VE|Ventes|VE00030|20250115|508000|Interets courus sur VMP|||VE016904|20250115|FACT CLIENT CLIENT DELTA 281908|0,00|602,70|||20250119||
VE|Ventes|VE00031|20250304|701000|Ventes de produits finis|||VE032302|20250304|FACT CLIENT CLIENT ALPHA 619920|1368,70|0,00|||20250305||
VE|Ventes|VE00031|20250304|762000|Produits des autres immobilisations financieres|||VE032302|20250304|FACT CLIENT CLIENT ALPHA 619920|0,00|1368,70|||20250305||
VE|Ventes|VE00032|20250228|709000|Rabais, remises et ristournes accordes|||VE025989|20250228|FACT CLIENT CLIENT BETA 673802|1516,68|0,00|||20250307||
VE|Ventes|VE00032|20250228|707000|Ventes de marchandises|||VE025989|20250228|FACT CLIENT CLIENT BETA 673802|0,00|1516,68|||20250307||
VE|Ventes|VE00033|20250815|708500|Ports et frais accessoires factures|||VE081280|20250815|FACT CLIENT CLIENT DELTA 555739|1362,30|0,00|||20250815||
VE|Ventes|VE00033|20250815|518100|Interets courus a payer|||VE081280|20250815|FACT CLIENT CLIENT DELTA 555739|0,00|1362,30|||20250815||
VE|Ventes|VE00034|20250627|706000|Prestations de services|||VE062699|20250627|FACT CLIENT CLIENT EPSILON 103968|1584,58|0,00|||20250704||
VE|Ventes|VE00034|20250627|512000|Banque principale|||VE062699|20250627|FACT CLIENT CLIENT EPSILON 103968|0,00|1584,58|||20250704||
VE|Ventes|VE00035|20250627|419100|Clients - Avances et acomptes recus|||VE061120|20250627|FACT CLIENT CLIENT DELTA 148929|593,90|0,00|||20250702||
VE|Ventes|VE00035|20250627|213100|Constructions - Batiments|||VE061120|20250627|FACT CLIENT CLIENT DELTA 148929|0,00|593,90|||20250702||
VE|Ventes|VE00036|20250109|707000|Ventes de marchandises|||VE015177|20250109|FACT CLIENT CLIENT BETA 674980|1863,67|0,00|||20250112||
VE|Ventes|VE00036|20250109|421000|Personnel - Remunerations dues|||VE015177|20250109|FACT CLIENT CLIENT BETA 674980|0,00|1863,67|||20250112||
VE|Ventes|VE00037|20250605|413000|Clients - Effets a recevoir|||VE063452|20250605|FACT CLIENT CLIENT DELTA 311671|894,28|0,00|||20250607||
VE|Ventes|VE00037|20250605|512100|Banque secondaire|||VE063452|20250605|FACT CLIENT CLIENT DELTA 311671|0,00|894,28|||20250607||
VE|Ventes|VE00038|20251029|418100|Clients - Factures a etablir|||VE103214|20251029|FACT CLIENT CLIENT DELTA 892569|782,41|0,00|||20251101||
VE|Ventes|VE00038|20251029|491000|Depreciation des comptes clients|||VE103214|20251029|FACT CLIENT CLIENT DELTA 892569|0,00|782,41|||20251101||
VE|Ventes|VE00039|20250612|709000|Rabais, remises et ristournes accordes|||VE065269|20250612|FACT CLIENT CLIENT ALPHA 612278|131,69|0,00|||20250616||
VE|Ventes|VE00039|20250612|615500|Entretien et reparations sur biens mobiliers|||VE065269|20250612|FACT CLIENT CLIENT ALPHA 612278|0,00|131,69|||20250616||
VE|Ventes|VE00040|20251121|709000|Rabais, remises et ristournes accordes|||VE117930|20251121|FACT CLIENT CLIENT EPSILON 268258|1637,71|0,00|||20251125||
VE|Ventes|VE00040|20251121|419100|Clients - Avances et acomptes recus|||VE117930|20251121|FACT CLIENT CLIENT EPSILON 268258|0,00|1637,71|||20251125||
VE|Ventes|VE00041|20250829|418100|Clients - Factures a etablir|||VE089636|20250829|FACT CLIENT CLIENT BETA 817563|315,82|0,00|||20250904||
VE|Ventes|VE00041|20250829|622700|Frais d'actes et de contentieux|||VE089636|20250829|FACT CLIENT CLIENT BETA 817563|0,00|315,82|||20250904||
VE|Ventes|VE00042|20250516|418100|Clients - Factures a etablir|||VE051889|20250516|FACT CLIENT CLIENT ALPHA 241998|796,89|0,00|||20250523||
VE|Ventes|VE00042|20250516|215400|Materiel industriel|||VE051889|20250516|FACT CLIENT CLIENT ALPHA 241998|0,00|796,89|||20250523||
VE|Ventes|VE00043|20250919|707000|Ventes de marchandises|||VE091104|20250919|FACT CLIENT CLIENT ALPHA 417074|1332,73|0,00|||20250919||
VE|Ventes|VE00043|20250919|409100|Fournisseurs - Avances et acomptes verses|||VE091104|20250919|FACT CLIENT CLIENT ALPHA 417074|0,00|1332,73|||20250919||
VE|Ventes|VE00044|20250630|416000|Clients douteux|||VE067206|20250630|FACT CLIENT CLIENT BETA 603548|877,05|0,00|||20250703||
VE|Ventes|VE00044|20250630|642000|Remunerations des dirigeants|||VE067206|20250630|FACT CLIENT CLIENT BETA 603548|0,00|877,05|||20250703||
VE|Ventes|VE00045|20250606|709000|Rabais, remises et ristournes accordes|||VE062277|20250606|FACT CLIENT CLIENT GAMMA 128686|257,84|0,00|||20250608||
VE|Ventes|VE00045|20250606|763000|Revenus des autres creances|||VE062277|20250606|FACT CLIENT CLIENT GAMMA 128686|0,00|257,84|||20250608||
VE|Ventes|VE00046|20250620|411000|Clients|C00003|CLIENT GAMMA|VE068928|20250620|FACT CLIENT CLIENT GAMMA 87494|7065,91|0,00|P1|20251208|20250626||
VE|Ventes|VE00046|20250620|618500|Frais de colloques, seminaires, conferences|||VE068928|20250620|FACT CLIENT CLIENT GAMMA 87494|0,00|7065,91|||20250626||
VE|Ventes|VE00047|20250926|707000|Ventes de marchandises|||VE096072|20250926|FACT CLIENT CLIENT GAMMA 722670|538,92|0,00|||20250928||
VE|Ventes|VE00047|20250926|758000|Produits divers de gestion courante|||VE096072|20250926|FACT CLIENT CLIENT GAMMA 722670|0,00|538,92|||20250928||
VE|Ventes|VE00048|20250416|701000|Ventes de produits finis|||VE048757|20250416|FACT CLIENT CLIENT GAMMA 722997|1676,80|0,00|||20250422||
VE|Ventes|VE00048|20250416|401000|Fournisseurs|F00006|MAINTENANCE PRO|VE048757|20250416|FACT CLIENT CLIENT GAMMA 722997|0,00|1676,80|||20250422||
VE|Ventes|VE00049|20250806|419100|Clients - Avances et acomptes recus|||VE089697|20250806|FACT CLIENT CLIENT GAMMA 146721|430,27|0,00|||20250810||
VE|Ventes|VE00049|20250806|471000|Compte d'attente|||VE089697|20250806|FACT CLIENT CLIENT GAMMA 146721|0,00|430,27|||20250810||
VE|Ventes|VE00050|20250429|413000|Clients - Effets a recevoir|||VE042271|20250429|FACT CLIENT CLIENT EPSILON 944979|146,11|0,00|||20250430||
VE|Ventes|VE00050|20250429|633000|Impots, taxes et versements assimiles sur remunerations (autres organismes)|||VE042271|20250429|FACT CLIENT CLIENT EPSILON 944979|0,00|146,11|||20250430||
VE|Ventes|VE00051|20250719|709000|Rabais, remises et ristournes accordes|||VE074064|20250718|FACT CLIENT CLIENT GAMMA 843723|532,44|0,00|||20250720||
VE|Ventes|VE00051|20250718|706000|Prestations de services|||VE074064|20250718|FACT CLIENT CLIENT GAMMA 843723|0,00|532,44|||20250720||
VE|Ventes|VE00052|20250923|419100|Clients - Avances et acomptes recus|||VE094905|20250923|FACT CLIENT CLIENT EPSILON 794251|300,93|0,00|||20250923||
VE|Ventes|VE00052|20250923|607000|Achats de marchandises|||VE094905|20250923|FACT CLIENT CLIENT EPSILON 794251|0,00|300,93|||20250923||
VE|Ventes|VE00053|20250313|701000|Ventes de produits finis|||VE031368|20250313|FACT CLIENT CLIENT DELTA 361390|658,00|0,00|||20250317||
VE|Ventes|VE00053|20250313|675000|Valeurs comptables des elements d'actif cedes|||VE031368|20250313|FACT CLIENT CLIENT DELTA 361390|0,00|658,00|||20250317||
VE|Ventes|VE00054|20251003|413000|Clients - Effets a recevoir|||VE104188|20251003|FACT CLIENT CLIENT BETA 443092|434,60|0,00|||20251008||
VE|Ventes|VE00054|20251003|615500|Entretien et reparations sur biens mobiliers|||VE104188|20251003|FACT CLIENT CLIENT BETA 443092|0,00|434,60|||20251008||
VE|Ventes|VE00055|20250103|413000|Clients - Effets a recevoir|||VE016643|20250103|FACT CLIENT CLIENT EPSILON 847150|433,31|0,00|||20250109||
VE|Ventes|VE00055|20250103|281350|Amort. installations generales|||VE016643|20250103|FACT CLIENT CLIENT EPSILON 847150|0,00|433,31|||20250109||
VE|Ventes|VE00056|20250808|708500|Ports et frais accessoires factures|||VE081393|20250808|FACT CLIENT CLIENT ALPHA 282195|468,27|0,00|||20250812||
VE|Ventes|VE00056|20250808|511000|Valeurs a l'encaissement|||VE081393|20250808|FACT CLIENT CLIENT ALPHA 282195|0,00|468,27|||20250812||
VE|Ventes|VE00057|20250909|419100|Clients - Avances et acomptes recus|||VE095760|20250909|FACT CLIENT CLIENT ALPHA 35619|747,07|0,00|||20250911||
VE|Ventes|VE00057|20250909|445510|TVA a decaisser|||VE095760|20250909|FACT CLIENT CLIENT ALPHA 35619|0,00|747,07|||20250911||
VE|Ventes|VE00058|20250422|411000|Clients|C00010|CLIENT KAPPA|VE041598|20250422|FACT CLIENT CLIENT BETA 51549|4329,80|0,00|||20250428||
VE|Ventes|VE00058|20250422|580000|Virements internes|||VE041598|20250422|FACT CLIENT CLIENT BETA 51549|0,00|4329,80|||20250428||
VE|Ventes|VE00059|20250317|416000|Clients douteux|||VE032767|20250317|FACT CLIENT CLIENT EPSILON 49751|105,49|0,00|||20250319||
VE|Ventes|VE00059|20250317|606300|Fournitures d'entretien et petit equipement|||VE032767|20250317|FACT CLIENT CLIENT EPSILON 49751|0,00|105,49|||20250319||
VE|Ventes|VE00060|20251216|709000|Rabais, remises et ristournes accordes|||VE125081|20251216|FACT CLIENT CLIENT EPSILON 762764|358,24|0,00|||20251222||
VE|Ventes|VE00060|20251216|207000|Fonds commercial|||VE125081|20251216|FACT CLIENT CLIENT EPSILON 762764|0,00|358,24|||20251222||
VE|Ventes|VE00061|20250822|706000|Prestations de services|||VE088490|20250822|FACT CLIENT CLIENT DELTA 777878|471,00|0,00|||20250828||
VE|Ventes|VE00061|20250822|720000|Production immobilisee|||VE088490|20250822|FACT CLIENT CLIENT DELTA 777878|0,00|471,00|||20250828||
VE|Ventes|VE00062|20250711|709000|Rabais, remises et ristournes accordes|||VE079766|20250711|FACT CLIENT CLIENT ALPHA 316057|722,59|0,00|||20250718||
VE|Ventes|VE00062|20250711|215400|Materiel industriel|||VE079766|20250711|FACT CLIENT CLIENT ALPHA 316057|0,00|722,59|||20250718||
VE|Ventes|VE00063|20251023|419100|Clients - Avances et acomptes recus|||VE103651|20251023|FACT CLIENT CLIENT EPSILON 578413|900,84|0,00|||20251029||
VE|Ventes|VE00063|20251023|602100|Achats de matieres consommables|||VE103651|20251023|FACT CLIENT CLIENT EPSILON 578413|0,00|900,84|||20251029||
VE|Ventes|VE00064|20250403|411000|Clients|C00006|CLIENT ZETA|VE048738|20250403|FACT CLIENT CLIENT BETA 999567|5221,01|0,00|||20250406||
VE|Ventes|VE00064|20250403|518700|Interets courus a recevoir|||VE048738|20250403|FACT CLIENT CLIENT BETA 999567|0,00|5221,01|||20250406||
VE|Ventes|VE00065|20251017|706000|Prestations de services|||VE107683|20251017|FACT CLIENT CLIENT GAMMA 552165|474,91|0,00|||20251020||
VE|Ventes|VE00065|20251017|218300|Materiel de bureau et informatique|||VE107683|20251017|FACT CLIENT CLIENT GAMMA 552165|0,00|474,91|||20251020||
VE|Ventes|VE00066|20250103|411000|Clients|C00009|CLIENT IOTA|VE019542|20250103|FACT CLIENT CLIENT DELTA 934942|6494,64|0,00|Y3|20251223|20250105||
VE|Ventes|VE00066|20250103|665000|Escomptes accordes|||VE019542|20250103|FACT CLIENT CLIENT DELTA 934942|0,00|6494,64|||20250105||
VE|Ventes|VE00067|20250617|416000|Clients douteux|||VE065222|20250617|FACT CLIENT CLIENT ALPHA 357249|220,42|0,00|||20250620||
VE|Ventes|VE00067|20250617|601000|Achats de matieres premieres|||VE065222|20250617|FACT CLIENT CLIENT ALPHA 357249|0,00|220,42|||20250620||
VE|Ventes|VE00068|20250219|419100|Clients - Avances et acomptes recus|||VE023538|20250219|FACT CLIENT CLIENT EPSILON 98955|677,02|0,00|||20250224||
VE|Ventes|VE00068|20250219|438200|Charges sociales sur conges a payer|||VE023538|20250219|FACT CLIENT CLIENT EPSILON 98955|0,00|677,02|||20250224||
VE|Ventes|VE00069|20250502|709000|Rabais, remises et ristournes accordes|||VE055801|20250502|FACT CLIENT CLIENT ALPHA 311545|745,35|0,00|||20250507||
VE|Ventes|VE00069|20250502|798000|Integration fiscale - Produits|||VE055801|20250502|FACT CLIENT CLIENT ALPHA 311545|0,00|745,35|||20250507||
VE|Ventes|VE00070|20250217|708500|Ports et frais accessoires factures|||VE026386|20250217|FACT CLIENT CLIENT ALPHA 821184|1687,64|0,00|||20250217||
VE|Ventes|VE00070|20250222|691000|Participation des salaries aux resultats|||VE026386|20250217|FACT CLIENT CLIENT ALPHA 821184|0,00|1687,64|||20250217||
VE|Ventes|VE00071|20250314|416000|Clients douteux|||VE032994|20250314|FACT CLIENT CLIENT EPSILON 539146|721,50|0,00|||20250315||
VE|Ventes|VE00071|20250314|664000|Pertes sur cessions de valeurs mobilieres de placement|||VE032994|20250314|FACT CLIENT CLIENT EPSILON 539146|0,00|721,50|||20250315||
VE|Ventes|VE00072|20251023|413000|Clients - Effets a recevoir|||VE101153|20251023|FACT CLIENT CLIENT GAMMA 766841|34,48|0,00|||20251027||
VE|Ventes|VE00072|20251023|590000|Depreciation des valeurs mobilieres de placement|||VE101153|20251023|FACT CLIENT CLIENT GAMMA 766841|0,00|34,48|||20251027||
VE|Ventes|VE00073|20250319|411000|Clients|C00010|CLIENT KAPPA|VE033600|20250319|FACT CLIENT CLIENT DELTA 375374|599,57|0,00|||20250325||
VE|Ventes|VE00073|20250319|218100|Installations generales, agencements divers|||VE033600|20250319|FACT CLIENT CLIENT DELTA 375374|0,00|599,57|||20250325||
VE|Ventes|VE00074|20251111|708500|Ports et frais accessoires factures|||VE118484|20251111|FACT CLIENT CLIENT ALPHA 986364|900,05|0,00|||20251116||
VE|Ventes|VE00074|20251111|606300|Fournitures d'entretien et petit equipement|||VE118484|20251111|FACT CLIENT CLIENT ALPHA 986364|0,00|900,05|||20251116||
VE|Ventes|VE00075|20250328|701000|Ventes de produits finis|||VE034203|20250328|FACT CLIENT CLIENT DELTA 756470|712,06|0,00|||20250401||
VE|Ventes|VE00075|20250328|281540|Amort. materiel industriel|||VE034203|20250328|FACT CLIENT CLIENT DELTA 756470|0,00|712,06|||20250401||
VE|Ventes|VE00076|20250103|418100|Clients - Factures a etablir|||VE013238|20250103|FACT CLIENT CLIENT EPSILON 994781|12,15|0,00|||20250110||
VE|Ventes|VE00076|20250103|666000|Pertes de change|||VE013238|20250103|FACT CLIENT CLIENT EPSILON 994781|0,00|12,15|||20250110||
VE|Ventes|VE00077|20251017|701000|Ventes de produits finis|||VE103615|20251017|FACT CLIENT CLIENT BETA 349822|287,37|0,00|||20251017||
VE|Ventes|VE00077|20251017|120000|Resultat de l'exercice|||VE103615|20251017|FACT CLIENT CLIENT BETA 349822|0,00|287,37|||20251017||
VE|Ventes|VE00078|20250711|701000|Ventes de produits finis|||VE074652|20250711|FACT CLIENT CLIENT DELTA 785629|637,31|0,00|||20250716||
VE|Ventes|VE00078|20250711|611000|Sous-traitance generale|||VE074652|20250711|FACT CLIENT CLIENT DELTA 785629|0,00|637,31|||20250716||
VE|Ventes|VE00079|20250701|708500|Ports et frais accessoires factures|||VE071217|20250701|FACT CLIENT CLIENT ALPHA 686394|1351,35|0,00|||20250708||
VE|Ventes|VE00079|20250701|445620|TVA deductible sur immobilisations|||VE071217|20250701|FACT CLIENT CLIENT ALPHA 686394|0,00|1351,35|||20250708||
VE|Ventes|VE00080|20251029|701000|Ventes de produits finis|||VE103036|20251029|FACT CLIENT CLIENT ALPHA 824981|819,78|0,00|||20251104||
VE|Ventes|VE00080|20251029|281540|Amort. materiel industriel|||VE103036|20251029|FACT CLIENT CLIENT ALPHA 824981|0,00|819,78|||20251104||
VE|Ventes|VE00081|20250919|709000|Rabais, remises et ristournes accordes|||VE091852|20250919|FACT CLIENT CLIENT ALPHA 832989|726,66|0,00|||20250925||
VE|Ventes|VE00081|20250919|681120|Dot. amort. sur immo. corporelles|||VE091852|20250919|FACT CLIENT CLIENT ALPHA 832989|0,00|726,66|||20250925||
VE|Ventes|VE00082|20250322|413000|Clients - Effets a recevoir|||VE032697|20250319|FACT CLIENT CLIENT EPSILON 252851|951,59|0,00|||20250322||
VE|Ventes|VE00082|20250319|701000|Ventes de produits finis|||VE032697|20250319|FACT CLIENT CLIENT EPSILON 252851|0,00|951,59|||20250322||
VE|Ventes|VE00083|20251128|707000|Ventes de marchandises|||VE111543|20251128|FACT CLIENT CLIENT GAMMA 416913|1001,24|0,00|||20251202||
VE|Ventes|VE00083|20251128|608500|Frais accessoires d'achat|||VE111543|20251128|FACT CLIENT CLIENT GAMMA 416913|0,00|1001,24|||20251202||
VE|Ventes|VE00084|20250627|416000|Clients douteux|||VE069286|20250627|FACT CLIENT CLIENT EPSILON 228209|928,24|0,00|||20250701||
VE|Ventes|VE00084|20250627|763000|Revenus des autres creances|||VE069286|20250627|FACT CLIENT CLIENT EPSILON 228209|0,00|928,24|||20250701||
VE|Ventes|VE00085|20250902|707000|Ventes de marchandises|||VE092168|20250902|FACT CLIENT CLIENT DELTA 13386|1177,15|0,00|||20250906||
VE|Ventes|VE00085|20250902|350000|Produits finis|||VE092168|20250902|FACT CLIENT CLIENT DELTA 13386|0,00|1177,15|||20250906||
VE|Ventes|VE00086|20251205|708500|Ports et frais accessoires factures|||VE125172|20251205|FACT CLIENT CLIENT EPSILON 506782|1728,02|0,00|||20251206||
VE|Ventes|VE00086|20251205|471000|Compte d'attente|||VE125172|20251205|FACT CLIENT CLIENT EPSILON 506782|0,00|1728,02|||20251206||
VE|Ventes|VE00087|20251010|707000|Ventes de marchandises|||VE109223|20251010|FACT CLIENT CLIENT DELTA 922785|1235,65|0,00|||20251013||
VE|Ventes|VE00087|20251010|762000|Produits des autres immobilisations financieres|||VE109223|20251010|FACT CLIENT CLIENT DELTA 922785|0,00|1235,65|||20251013||
VE|Ventes|VE00088|20250418|413000|Clients - Effets a recevoir|||VE043000|20250418|FACT CLIENT CLIENT BETA 641467|699,79|0,00|||20250423||
VE|Ventes|VE00088|20250418|281830|Amort. materiel de bureau|||VE043000|20250418|FACT CLIENT CLIENT BETA 641467|0,00|699,79|||20250423||
VE|Ventes|VE00089|20251006|416000|Clients douteux|||VE109449|20251006|FACT CLIENT CLIENT DELTA 647957|464,60|0,00|||20251011||
VE|Ventes|VE00089|20251006|218200|Materiel de transport|||VE109449|20251006|FACT CLIENT CLIENT DELTA 647957|0,00|464,60|||20251011||
VE|Ventes|VE00090|20250522|707000|Ventes de marchandises|||VE056043|20250522|FACT CLIENT CLIENT DELTA 928873|983,57|0,00|||20250529||
VE|Ventes|VE00090|20250522|611000|Sous-traitance generale|||VE056043|20250522|FACT CLIENT CLIENT DELTA 928873|0,00|983,57|||20250529||
VE|Ventes|VE00091|20250711|416000|Clients douteux|||VE071153|20250711|FACT CLIENT CLIENT ALPHA 138378|780,84|0,00|||20250713||
VE|Ventes|VE00091|20250711|681740|Dot. provisions sur creances|||VE071153|20250711|FACT CLIENT CLIENT ALPHA 138378|0,00|780,84|||20250713||
VE|Ventes|VE00092|20251223|707000|Ventes de marchandises|||VE126333|20251223|FACT CLIENT CLIENT EPSILON 998672|1606,76|0,00|||20251225||
VE|Ventes|VE00092|20251223|408400|Fournisseurs d'immobilisations - Factures non parvenues|||VE126333|20251223|FACT CLIENT CLIENT EPSILON 998672|0,00|1606,76|||20251225||
VE|Ventes|VE00093|20251111|708500|Ports et frais accessoires factures|||VE114200|20251111|FACT CLIENT CLIENT DELTA 849161|272,67|0,00|||20251117||
VE|Ventes|VE00093|20251111|606300|Fournitures d'entretien et petit equipement|||VE114200|20251111|FACT CLIENT CLIENT DELTA 849161|0,00|272,67|||20251117||
VE|Ventes|VE00094|20250213|708500|Ports et frais accessoires factures|||VE027965|20250213|FACT CLIENT CLIENT DELTA 714975|1759,05|0,00|||20250216||
VE|Ventes|VE00094|20250213|797000|Transferts de charges exceptionnelles|||VE027965|20250213|FACT CLIENT CLIENT DELTA 714975|0,00|1759,05|||20250216||
VE|Ventes|VE00095|20250410|413000|Clients - Effets a recevoir|||VE046005|20250410|FACT CLIENT CLIENT GAMMA 577644|314,12|0,00|||20250413||
VE|Ventes|VE00095|20250410|625100|Voyages et deplacements|||VE046005|20250410|FACT CLIENT CLIENT GAMMA 577644|0,00|314,12|||20250413||
VE|Ventes|VE00096|20250318|418100|Clients - Factures a etablir|||VE034537|20250318|FACT CLIENT CLIENT GAMMA 538540|321,70|0,00|||20250325||
VE|Ventes|VE00096|20250318|611000|Sous-traitance generale|||VE034537|20250318|FACT CLIENT CLIENT GAMMA 538540|0,00|321,70|||20250325||
VE|Ventes|VE00097|20251023|708500|Ports et frais accessoires factures|||VE102959|20251023|FACT CLIENT CLIENT BETA 164908|1779,35|0,00|||20251029||
VE|Ventes|VE00097|20251023|666000|Pertes de change|||VE102959|20251023|FACT CLIENT CLIENT BETA 164908|0,00|1779,35|||20251029||
VE|Ventes|VE00098|20250905|419100|Clients - Avances et acomptes recus|||VE094602|20250905|FACT CLIENT CLIENT ALPHA 557482|412,91|0,00|||20250910||
VE|Ventes|VE00098|20250905|658000|Charges diverses de gestion courante|||VE094602|20250905|FACT CLIENT CLIENT ALPHA 557482|0,00|412,91|||20250910||
VE|Ventes|VE00099|20250415|707000|Ventes de marchandises|||VE043031|20250415|FACT CLIENT CLIENT BETA 511308|1977,78|0,00|||20250418||
VE|Ventes|VE00099|20250415|281310|Amort. batiments|||VE043031|20250415|FACT CLIENT CLIENT BETA 511308|0,00|1977,78|||20250418||
VE|Ventes|VE00100|20250111|413000|Clients - Effets a recevoir|||VE018387|20250110|FACT CLIENT CLIENT ALPHA 365212|677,31|0,00|||20250110||
VE|Ventes|VE00100|20250110|623100|Annonces et insertions|||VE018387|20250110|FACT CLIENT CLIENT ALPHA 365212|0,00|677,31|||20250110||
VE|Ventes|VE00101|20250826|706000|Prestations de services|||VE081311|20250826|FACT CLIENT CLIENT EPSILON 925262|1514,00|0,00|||20250830||
VE|Ventes|VE00101|20250826|612000|Redevances de credit-bail|||VE081311|20250826|FACT CLIENT CLIENT EPSILON 925262|0,00|1514,00|||20250830||
VE|Ventes|VE00102|20251014|416000|Clients douteux|||VE105873|20251014|FACT CLIENT CLIENT ALPHA 373568|655,38|0,00|||20251015||
VE|Ventes|VE00102|20251014|601000|Achats de matieres premieres|||VE105873|20251014|FACT CLIENT CLIENT ALPHA 373568|0,00|655,38|||20251015||
VE|Ventes|VE00103|20250604|701000|Ventes de produits finis|||VE061563|20250604|FACT CLIENT CLIENT BETA 731647|52,65|0,00|||20250605||
VE|Ventes|VE00103|20250604|445510|TVA a decaisser|||VE061563|20250604|FACT CLIENT CLIENT BETA 731647|0,00|52,65|||20250605||
VE|Ventes|VE00104|20250707|419100|Clients - Avances et acomptes recus|||VE072739|20250707|FACT CLIENT CLIENT DELTA 771449|916,59|0,00|||20250707||
VE|Ventes|VE00104|20250707|698000|Integration fiscale - Charges|||VE072739|20250707|FACT CLIENT CLIENT DELTA 771449|0,00|916,59|||20250707||
VE|Ventes|VE00105|20251120|418100|Clients - Factures a etablir|||VE114798|20251120|FACT CLIENT CLIENT ALPHA 965565|149,12|0,00|||20251120||
VE|Ventes|VE00105|20251120|486000|Charges constatees d'avance|||VE114798|20251120|FACT CLIENT CLIENT ALPHA 965565|0,00|149,12|||20251120||
VE|Ventes|VE00106|20251114|419100|Clients - Avances et acomptes recus|||VE115601|20251114|FACT CLIENT CLIENT ALPHA 233005|120,88|0,00|||20251121||
VE|Ventes|VE00106|20251114|607000|Achats de marchandises|||VE115601|20251114|FACT CLIENT CLIENT ALPHA 233005|0,00|120,88|||20251121||
